1748 2826
468 111 878 151 HISTORIARVM
908 113 1081 152 LIBER
1112 113 1132 151 I
1486 114 1505 153 1
1525 123 1574 163 37

97 220 350 274 disciplinam
382 207 566 272 appellat.
637 229 790 272 septem
824 235 847 261 a
879 222 1052 262 Neronis
1086 223 1166 261 fine
1204 235 1361 262 menses
1401 229 1504 271 sunt,

97 295 138 330 et
164 287 244 328 iam
273 288 362 340 plus
390 287 520 340 rapuit
550 289 681 328 Icelus
711 301 832 340 quarn
862 290 972 340 quod
1002 288 1184 340 Polycliti
1214 296 1254 327 et
1283 287 1435 327 Vatinii
1467 296 1508 328 et

95 352 251 405 Aegiali
296 353 566 404 perdiderunt.
626 354 780 394 minore
823 353 986 394 avaritia
1022 367 1070 393 ac
1111 353 1272 393 licentia
1309 360 1507 404 grassatus

97 425 201 459 esset
237 419 286 458 T.
326 417 469 459 Vinius
502 419 536 459 si
567 419 652 472 ipse
685 419 939 471 imperasset:
983 433 1092 459 nunc
1125 427 1164 458 et
1198 418 1399 458 subiectos
1432 432 1507 458 nos
1528 435 1567 468 25

97 482 238 524 habuit
257 490 462 535 tamquam
483 497 576 524 suos
597 491 636 524 et
655 483 742 524 vilis
773 492 818 524 ut
845 484 1009 524 alienos.
1069 497 1150 523 una
1176 483 1242 523 illa
1266 485 1411 524 domus
1432 485 1509 523 suf-

95 549 179 590 ficit
211 548 404 591 donativo
437 552 548 603 quod
582 550 695 591 vobis
730 564 952 602 numquam
986 551 1103 590 datur
1133 557 1172 590 et
1199 549 1346 590 cotidie
1371 563 1508 602 expro-

97 615 254 656 bratur!
876 612 881 616 ”

261 682 347 723 ‘Ac
379 695 432 722 ne
465 695 545 734 qua
579 684 719 723 saltem
753 682 794 721 in
828 695 1058 723 successore
1092 682 1246 723 Galbae
1280 695 1370 734 spes
1404 690 1508 721 esset
1527 680 1580 728 38

97 746 262 788 accersit
298 747 352 788 ab
391 747 509 788 exilio
548 762 669 799 quern
705 747 860 788 tristitia
889 756 930 788 et
963 747 1125 787 avaritia
1162 747 1224 787 sui
1262 746 1508 786 simillimum

96 811 310 854 iudicabat.
369 813 537 863 vidistis,
570 813 876 861 commilitones,
912 813 1080 853 notabili
1114 819 1350 863 tempestate
1388 810 1508 851 etiam

97 879 196 919 deos
224 877 438 919 infaustam
466 878 728 930 adoptionem
762 878 990 918 aversantis.
1048 879 1157 918 idem
1192 885 1364 926 senatus,
1400 876 1509 918 idern

97 943 236 996 populi
268 943 444 984 Romani
481 943 638 983 animus
677 951 759 984 est:
808 952 937 984 vestra
966 944 1089 984 virtus
1128 950 1367 996 expectatur,
1400 943 1510 995 apud
1531 956 1550 989 5

98 1022 200 1061 quos
231 1022 353 1049 omne
387 1009 565 1049 honestis
601 1009 776 1049 consiliis
808 1010 929 1050 robur
959 1017 999 1049 et
1030 1009 1116 1049 sine
1149 1008 1296 1060 quibus
1327 1007 1510 1059 quamvis

98 1074 252 1127 egregia
278 1074 455 1115 invalida
480 1082 583 1115 sunt.
643 1088 725 1115 non
749 1076 801 1115 ad
826 1075 976 1115 bellum
1005 1088 1076 1115 vos
1103 1088 1179 1115 nec
1206 1075 1259 1114 ad
1288 1074 1510 1126 periculum

98 1153 222 1182 voco:
253 1139 434 1180 omnium
455 1139 626 1180 militum
646 1154 756 1180 arma
775 1141 987 1181 nobiscum
1007 1148 1110 1181 sunt.
1169 1154 1245 1180 nec
1265 1153 1346 1180 una
1364 1141 1510 1181 cohors

97 1211 232 1257 togata
258 1204 440 1246 defendit
469 1219 577 1245 nunc
606 1206 780 1247 Galbam
810 1207 882 1246 sed
911 1205 1090 1247 detinet:
1133 1220 1225 1246 cum
1253 1219 1324 1246 vos
1350 1218 1512 1258 aspexe-

97 1269 165 1320 rit,‹
188 1283 280 1310 cum
310 1270 467 1323 signum
501 1285 638 1312 meum
667 1271 876 1324 acceperit,
908 1273 987 1312 hoc
1021 1273 1151 1312 solum
1186 1271 1259 1312 erit
1293 1278 1510 1321 certamen,
1532 1287 1572 1312 10

97 1335 186 1388 quis
206 1335 304 1376 mihi
323 1337 540 1389 plurimum
560 1337 740 1390 imputet.
801 1339 934 1378 nullus
954 1338 1223 1379 cunctationis
1250 1340 1363 1379 locus
1388 1344 1448 1378 est
1467 1336 1509 1377 in

97 1415 148 1442 eo
175 1402 344 1443 consilio
372 1404 484 1454 quod
512 1416 595 1443 non
625 1410 756 1455 potest
785 1403 937 1443 laudari
966 1403 1041 1443 nisi
1071 1405 1301 1456 peractum.'
1359 1402 1510 1456 aperire

97 1465 246 1508 deinde
272 1469 623 1509 armamentarium
652 1468 774 1509 iussit.
835 1477 946 1521 rapta
973 1469 1106 1509 statim
1135 1483 1259 1518 arma,
1285 1468 1371 1509 sine
1401 1482 1511 1508 more

98 1539 139 1573 et
166 1531 307 1574 ordine
336 1532 510 1582 militiae,
542 1542 586 1574 ut
614 1534 887 1586 praetorianus
916 1543 986 1575 aut
1016 1534 1254 1587 legionarius
1289 1534 1511 1586 insignibus

98 1596 180 1637 suis
217 1597 551 1650 distingueretur:
592 1599 809 1639 miscentur
845 1600 1100 1640 auxiliaribus
1135 1601 1256 1652 galeis
1295 1601 1509 1652 scutisque,
1536 1617 1573 1651 ¹5

97 1664 211 1704 nullo
229 1662 480 1715 tribunorum
504 1664 833 1704 centurionumve
857 1666 1107 1713 adhortante,
1138 1665 1214 1705 sibi
1240 1666 1411 1718 quisque
1430 1667 1512 1706 dux

98 1737 139 1770 et
164 1729 392 1781 instigator;
426 1737 465 1770 et
489 1729 747 1782 praecipuum
772 1730 1035 1781 pessimorum
1066 1730 1370 1772 incitamentum
1400 1732 1513 1783 quod

99 1793 196 1835 boni
223 1795 466 1836 maerebant.

263 1861 351 1900 Iam
394 1861 600 1901 exterritus
640 1861 734 1902 Piso
772 1862 930 1903 fremitu
970 1863 1256 1904 crebrescentis
1302 1862 1509 1904 seditionis
1527 1867 1586 1907 39

99 1932 140 1966 et
171 1924 338 1966 vocibus
376 1925 418 1965 in
452 1926 591 1967 urbem
627 1940 754 1978 usque
792 1928 1085 1978 resonantibus,
1114 1942 1316 1981 egressum
1351 1929 1510 1970 interim

99 2040 144 2071 23
167 2030 271 2063 etiam
297 2029 340 2062 M
416 2030 524 2072 quod]
548 2031 591 2063 ob
615 2032 705 2071 quod
730 2030 891 2074 Madvig:
919 2043 986 2073 quo
1013 2031 1140 2073 Haase,
1168 2033 1377 2075 Nipperdey:
1400 2034 1513 2075 quoad

100 2073 220 2106 Meiser
239 2076 270 2105 et
291 2076 367 2106 ante
389 2075 566 2114 perierunt
591 2076 764 2107 transtulit
940 2086 983 2116 24
1006 2075 1142 2117 Aegiali
1162 2077 1292 2110 Orelli:
1319 2077 1457 2118 aegialii
1475 2076 1519 2109 M

101 2117 223 2150 ultima
237 2117 346 2149 littera
360 2118 523 2150 evanida:
557 2118 651 2150 Helii
668 2118 818 2160 Lspsius,
836 2119 982 2152 Muller:
1013 2120 1174 2162 Tigellini
1191 2121 1219 2153 I.
1240 2122 1279 2153 F.
1302 2121 1514 2154 Gronovius:

99 2161 238 2202 Egnatii
253 2160 498 2202 Bezzenberger
631 2163 855 2204 perdiderunt
871 2163 1002 2195 Ritter:
1026 2164 1204 2205 perierunt
1219 2163 1259 2196 M
1274 2165 1368 2206 quod
1379 2168 1517 2198 tumtur

101 2204 244 2247 Madvig
256 2203 375 2237 Haase
393 2208 423 2237 et
442 2205 624 2247 Nipperdey
639 2218 646 2238 ε
679 2212 882 2247 paraverant
899 2207 972 2240 dett.
988 2219 996 2240 z
1019 2208 1083 2240 sibi
1101 2214 1309 2248 pepererant
1325 2208 1514 2242 Heinsius:
1563 2219 1568 2225 ·

100 2250 322 2291 appetierant
337 2248 514 2281 Andresen
530 2253 562 2281 et
575 2249 636 2281 alii
648 2250 716 2282 alia
848 2261 889 2292 27
914 2252 1124 2293 exprobatur
1140 2251 1183 2282 M

145 2293 206 2334 38.
233 2303 254 2325 2
276 2293 459 2326 accersivit
489 2293 610 2334 Halm,
645 2294 772 2327 Ritter:
811 2295 970 2328 accersiit
1001 2295 1117 2328 Sirker
1265 2307 1286 2336 4
1310 2301 1512 2329 aversantes

100 2337 283 2379 Agricola:
305 2337 530 2370 adversantes
547 2337 590 2369 M
698 2340 720 2370 6
743 2339 818 2372 offis
837 2338 881 2371 M
992 2349 1028 2371 11
1055 2340 1264 2373 cunctationi
1281 2339 1355 2373 dett.
1472 2351 1511 2372 12

101 2381 225 2422 aperiri
245 2381 412 2422 Muretus,
431 2380 544 2414 Halm
