1748 2826
0 0 178 134 ΓΓ

490 153 899 193 HISTORIARVM
931 153 1105 191 LIBER
1136 153 1154 191 Ι
1508 154 1599 203 170

117 263 190 304 sed
210 269 319 303 metu
346 275 397 302 ne
423 260 621 302 amitteret
645 260 879 313 praemissas
907 262 986 301 iam
1007 261 1182 302 cohortis
1210 264 1384 312 alasque,
1409 261 1527 301 simul

119 335 308 380 reputans
348 329 438 380 plus
485 326 632 379 gloriae
681 333 834 366 retenta
886 327 1002 366 Italia
1045 334 1098 376 et,
1150 326 1396 378 ubicumque
1446 341 1528 366 cer·
1548 341 1590 363 20

116 400 244 433 tatum
282 394 394 441 foret,
437 392 608 433 Noricos
645 391 686 431 in
725 399 856 432 cetera
893 391 1082 431 victoriae
1120 392 1297 443 praemia
1334 405 1527 440 cessuros,

117 457 298 498 Poenino
345 456 485 498 itinere
532 456 820 508 subsignanum
869 456 1035 496 militem
1078 464 1118 496 et
1159 470 1276 508 grave
1324 457 1527 508 legionum

113 535 258 574 agmen
286 522 463 562 hibernis
491 523 626 562 adhuc
653 522 825 574 Alpibus
855 523 1086 561 transduxit.

277 588 388 628 Otho
408 586 565 627 interim
595 594 734 627 contra
763 600 876 638 spem
905 588 1087 626 omnium
1119 600 1201 627 non
1222 586 1375 627 deliciis
1396 600 1527 638 neque
1547 592 1591 632 71

114 651 270 693 desidia
317 659 567 705 torpescere:
612 652 758 692 dilatae
800 653 1035 703 voluptates,
1078 652 1327 692 dissimulata
1374 651 1528 691 luxuria

113 724 154 758 et
181 724 328 758 cuncta
353 718 407 758 ad
435 718 624 758 decorem
653 716 808 769 imperii
842 717 1077 769 composita,
1110 731 1240 768 eoque
1273 719 1362 770 plus
1396 717 1527 757 formi-

113 782 219 823 dinis
255 783 491 824 adferebant
528 784 651 823 falsae
689 782 852 823 virtutes
895 790 935 823 et
972 782 1068 822 vitia
1105 782 1290 823 reditura.
1350 782 1525 822 Marium

114 847 281 890 Celsum
314 850 523 889 consulem
558 849 821 900 designatum,
858 861 928 900 per
959 847 1134 900 speciem
1166 847 1416 888 vinculorum
1446 861 1526 887 sae·
1546 857 1564 890 5

113 912 231 954 vitiae
249 913 421 954 militum
441 914 699 962 subtractum,
722 912 842 953 acciri
861 913 903 952 in
924 913 1169 965 Capitolium
1190 913 1302 953 iubet
1316 928 1328 963 3
1356 914 1527 952 clemen-

114 977 192 1019 tiae
219 977 356 1019 titulus
384 993 407 1019 e
436 978 520 1019 viro
549 980 655 1019 claro
684 986 724 1019 et
753 978 930 1030 partibus
958 978 1086 1018 inviso
1113 978 1332 1030 petebatur.
1384 979 1525 1019 Celsus

113 1050 342 1102 constanter
389 1051 565 1084 servatae
612 1057 703 1095 erga
746 1044 918 1084 Galbam
964 1044 1059 1084 fidei
1106 1045 1257 1084 crimen
1305 1045 1523 1092 confessus,

113 1110 339 1160 exemplum
374 1110 478 1150 ultro
516 1109 736 1161 imputavit.
795 1122 871 1148 nec
904 1110 1016 1150 Otho
1049 1108 1163 1161 quasi
1197 1109 1420 1161 ignosceret
1452 1109 1524 1148 sed

112 1173 212 1214 deos
256 1173 369 1215 testis
415 1182 579 1214 mutuae
619 1174 954 1215 reconciliationis
992 1174 1202 1223 adhibens,
1243 1174 1376 1214 statim
1423 1173 1525 1213 inter
1546 1188 1588 1212 10

112 1237 274 1278 intimos
302 1239 454 1280 amicos
470 1239 624 1280 habuit
652 1247 692 1279 et
722 1253 815 1279 mox
838 1240 948 1279 bello
968 1239 1070 1279 inter
1090 1241 1214 1280 duces
1235 1239 1394 1291 delegit,
1416 1253 1525 1278 man-

111 1302 243 1355 sitque
275 1305 398 1346 Celso
431 1305 540 1344 velut
572 1303 741 1344 fataliter
773 1303 894 1344 etiam
933 1318 1005 1356 pro
1040 1305 1204 1345 Othone
1237 1305 1339 1344 fides
1373 1303 1524 1355 integra

111 1375 151 1409 et
188 1368 335 1410 infelix.
407 1372 512 1414 laeta
552 1370 793 1422 primoribus
838 1370 1019 1420 civitatis,
1060 1370 1258 1410 celebrata
1299 1370 1340 1410 in
1382 1371 1523 1421 vulgus

111 1434 220 1475 Celsi
248 1437 354 1476 salus
380 1450 432 1476 ne
461 1435 654 1476 militibus
681 1436 846 1488 quidem
866 1435 1019 1488 ingrata
1038 1435 1122 1485 fuit,
1145 1438 1316 1476 eandem
1336 1434 1522 1476 virtutem

109 1499 400 1542 admirantibus
420 1501 485 1541 cui
505 1501 788 1542 irascebantur.
1545 1507 1582 1540 Ῐ5

287 1567 366 1607 Par
420 1565 517 1607 inde
573 1567 763 1607 exultatio
818 1566 1046 1619 disparibus
1111 1554 1241 1606 causis
1304 1574 1520 1607 consecuta
1539 1573 1589 1612 72

111 1629 326 1684 impetrato
380 1630 568 1683 Tigellini
631 1631 762 1672 exitio.
845 1631 1017 1672 Ofonius
1069 1631 1290 1682 Tigellinus
1341 1631 1520 1671 obscuris

110 1696 352 1749 parentibus,
393 1698 515 1737 foeda
550 1696 729 1749 pueritia,
770 1697 990 1749 impudicia
1027 1704 1203 1746 senecta,
1231 1698 1520 1748 praefecturam

111 1762 274 1814 vigilum
305 1769 347 1803 et
383 1762 569 1815 praetorii
601 1770 642 1803 et
675 1763 754 1803 alia
781 1763 957 1815 praemia
985 1764 1188 1810 virtutum,
1220 1761 1315 1813 quia
1343 1761 1520 1802 velocius

111 1835 205 1877 erat,
236 1827 341 1869 vitiis
368 1829 551 1880 adeptus,
582 1828 858 1869 crudelitatem
890 1842 995 1877 mox,
1025 1828 1176 1868 deinde
1218 1827 1436 1877 avaritiam,
1467 1828 1520 1867 vi·
1541 1847 1560 1879 5

110 1891 197 1933 rilia
218 1894 378 1943 scelera,
400 1893 586 1942 exercuit,
608 1900 796 1945 corrupto
815 1895 869 1934 ad
888 1907 1011 1934 omne
1031 1892 1185 1932 facinus
1207 1894 1379 1942 Nerone,
1402 1906 1520 1945 quae-

113 2007 155 2038 19
176 1997 275 2030 simul
292 2003 455 2040 reputans
471 1997 505 2030 b²
520 2009 527 2030 :
551 1998 713 2030 simulare
732 2003 856 2039 putans
871 1999 914 2030 ab
1082 2008 1122 2030 21
1148 2003 1262 2030 cetera
1278 1998 1322 2031 al.
1336 2011 1342 2031 :
1368 2004 1462 2031 certa
1479 2000 1521 2031 ab

111 2050 154 2072 22
177 2042 328 2082 pennino
341 2041 384 2075 ab
472 2042 646 2082 legionum
663 2042 789 2074 seclusit
803 2041 987 2084 thbperdey
1117 2052 1161 2082 23
1189 2042 1341 2074 traduxit
1356 2042 1400 2075 al.

156 2090 207 2126 71.
236 2095 278 2118 10
289 2085 374 2118 deos
386 2089 495 2118 testes
507 2091 645 2117 mutuae
657 2085 1150 2128 reconciliationisNapperdm
1158 2085 1327 2119 Heraeus:
1344 2096 1389 2118 ne
1400 2086 1521 2118 hostes

111 2133 282 2161 metueret
299 2130 468 2171 (metuere
491 2129 538 2160 ed.
554 2129 741 2171 Spirensis)
754 2129 1004 2162 conciliationis
1020 2129 1071 2171 ab,
1094 2130 1161 2161 nisi
1179 2130 1269 2170 quod
1288 2135 1482 2162 moetueret
1493 2134 1522 2162 et

112 2172 358 2205 consiliationis
382 2173 402 2204 b
419 2184 427 2205 ε
462 2183 507 2204 ne
519 2173 654 2205 hostem
670 2178 838 2205 metueret
852 2173 1114 2207 conciliationes
1126 2173 1249 2213 Halm,
1268 2174 1519 2206 consiliatorem

111 2215 240 2255 Mdser,
252 2216 326 2250 vide
336 2216 513 2248 Andresen
531 2216 644 2249 studia
659 2215 770 2249 critica
785 2218 820 2249 in
835 2217 929 2250 Hist.
948 2217 970 2258 i,
998 2228 1029 2258 p.
1048 2218 1088 2248 18
1253 2228 1292 2258 13
1316 2218 1521 2258 primoribus

110 2259 299 2292 Rhenanus
313 2271 322 2292 ι
344 2270 407 2301 pro
424 2260 573 2292 moribus
588 2271 610 2293 a
627 2272 635 2292 z
659 2260 877 2302 promor-ibus
893 2261 913 2292 b
1048 2270 1086 2301 15
1111 2261 1370 2294 ammirantibus
1386 2261 1428 2293 ab

154 2309 210 2346 7²·
228 2313 250 2335 2
272 2303 407 2345 tigillini
423 2304 465 2336 ab
483 2306 513 2335 et
526 2305 573 2337 sic
589 2304 734 2346 deinceps
859 2304 1005 2337 Ofonius
1017 2304 1154 2346 Prosop.
1166 2305 1212 2337 iii.
1223 2315 1289 2346 250
1302 2316 1311 2337 ε
1337 2305 1519 2345 Ophonius

111 2347 173 2380 ab:
198 2347 395 2389 Sophonius
410 2347 548 2390 Lipsius
679 2357 701 2389 5
724 2358 805 2381 mox
822 2349 1059 2381 crudelitatem
1079 2347 1226 2390 Wo'lfflin
1314 2349 1440 2381 deinde
1455 2349 1517 2382 del.

109 2389 227 2424 Nova‘k
315 2396 351 2424 et
366 2391 475 2424 virilia
489 2391 534 2425 al.
