1748 2826
489 119 900 192 HISTORIARVM
933 151 1106 189 LIBER
1136 150 1197 188 IV
1487 149 1547 188 IV
1566 147 1618 198 78

134 265 202 307 riis
221 265 475 318 sarcinisque,
497 278 591 305 cum
611 265 713 304 intra
732 265 880 304 vallum
907 270 1157 315 pugnaretur.
1217 263 1344 301 Tutor
1371 268 1411 301 et
1438 261 1547 302 Clas-

134 331 240 373 sicus
273 339 314 373 et
347 331 484 374 Civilis
523 332 605 371 suis
638 331 809 383 quisque
847 329 945 370 locis
985 342 1161 381 pugnam
1200 327 1371 376 ciebant,
1406 327 1547 367 Gallos
1567 335 1584 368 5

134 411 207 450 pro
234 398 429 447 libertate,
459 395 637 439 Batavos
666 410 740 449 pro
769 395 902 448 gloria,
935 396 1158 436 Germanos
1188 395 1240 433 ad
1271 394 1462 444 praedam
1493 393 1549 430 in-

135 464 336 515 stigantes.
394 471 434 504 et
463 470 608 504 cuncta
639 476 712 515 pro
743 463 926 502 hostibus
957 467 1081 509 erant,
1114 461 1248 500 donee
1279 458 1384 510 legio
1413 464 1550 497 unaet-

134 527 352 569 vicensima
389 530 610 582 patentiore
649 541 772 580 quam
809 534 964 568 ceterae
998 525 1127 578 spatio
1158 524 1399 576 conglobata
1438 524 1549 563 susti-

134 592 223 634 nuit
250 593 411 644 ruentis,
443 607 537 634 mox
570 593 738 645 impulit.
796 605 872 633 nec
906 591 992 632 sine
1020 605 1098 643 ope
1131 590 1267 630 divina
1300 588 1462 629 mutatis
1494 601 1550 628 re-

135 666 256 712 pente
287 659 432 700 animis
466 668 575 713 terga
606 660 777 700 victores
816 667 978 700 vertere.
1037 657 1112 710 ipsi
1143 657 1300 698 territos
1335 669 1377 696 se
1411 657 1550 695 cohor·
1572 671 1612 694 10

135 724 236 766 tium
264 719 431 778 aspectu
459 726 650 774 ferebant,
680 739 783 777 quae
813 724 942 777 primo
971 724 1123 774 impetu
1153 722 1346 763 disiectae
1381 720 1548 761 summis

135 804 268 832 rursus
294 791 395 843 iugis
423 791 766 843 congregabantur
796 804 843 829 ac
873 789 1047 842 speciem
1074 787 1169 828 novi
1196 787 1331 827 auxilii
1358 788 1548 827 fecerant.

135 857 208 897 sed
236 856 391 897 obstitit
419 855 673 896 vincentibus
702 869 869 908 pravum
899 856 1002 894 inter
1030 855 1137 905 ipsos
1166 861 1369 893 certamen
1398 852 1549 892 omisso

135 924 252 964 hoste
279 922 407 975 spolia
436 922 707 962 consectandi.
767 920 932 963 Cerialis
961 927 1006 959 ut
1034 918 1186 959 incuria
1214 931 1339 970 prope
1367 931 1451 957 rem
1483 918 1549 956 ad-

135 987 244 1037 flixit,
266 987 322 1028 ita
346 987 572 1028 constantia
600 987 797 1037 restituit;
833 993 1074 1037 secutusque
1101 986 1302 1024 fortunam
1329 990 1457 1023 castra
1480 983 1550 1023 ho·
1570 994 1609 1028 15

135 1053 257 1093 stium
276 1054 423 1094 eodem
443 1053 509 1093 die
529 1052 634 1104 capit
654 1052 921 1103 excinditque.

299 1119 388 1158 Nec
419 1118 461 1157 in
491 1118 657 1169 longum
688 1117 801 1169 quies
840 1116 954 1156 militi
989 1117 1093 1156 data.
1153 1114 1320 1155 orabant
1358 1113 1546 1154 auxilium
1568 1123 1622 1164 79

136 1182 449 1235 Agrippinenses
488 1174 789 1234 offerebantque
827 1194 989 1221 uxorem
1030 1194 1077 1220 ac
1117 1192 1293 1220 sororem
1331 1179 1470 1221 Civilis
1509 1187 1549 1219 et

137 1248 260 1287 filiam
291 1248 469 1296 Classici,
497 1246 633 1287 relicta
664 1247 740 1287 sibi
773 1247 939 1298 pignora
969 1244 1181 1286 societatis.
1239 1252 1361 1297 atque
1390 1244 1548 1285 interim

136 1314 337 1366 dispersos
365 1313 408 1353 in
436 1313 626 1354 domibus
661 1314 884 1354 Germanos
920 1311 1212 1352 trucidaverant
1226 1325 1237 1361 3
1276 1313 1384 1352 unde
1417 1319 1549 1352 metus

135 1387 176 1420 et
203 1378 331 1420 iustae
358 1393 496 1431 preces
526 1379 811 1428 invocantium,
841 1386 1057 1430 antequam
1086 1378 1221 1417 hostes
1250 1377 1436 1428 reparatis
1464 1376 1550 1417 viri-
1570 1391 1588 1424 5

137 1443 212 1485 bus
237 1445 292 1486 ad
318 1458 432 1497 spem
451 1446 515 1485 vel
541 1446 594 1486 ad
620 1445 816 1486 ultionem
846 1445 1156 1496 accingerentur.
1216 1455 1392 1494 namque
1419 1449 1458 1483 et
1485 1443 1550 1484 Ci-

136 1508 223 1549 vilis
251 1508 346 1550 illuc
374 1509 610 1559 intenderat,
639 1524 723 1551 non
753 1511 961 1557 invalidus,
990 1509 1292 1560 flagrantissima
1320 1508 1546 1548 cohortium

137 1582 299 1614 suarum
339 1576 500 1627 integra,
535 1588 640 1626 quae
676 1589 700 1615 e
735 1575 910 1616 Chaucis
950 1573 1166 1625 Frisiisque
1199 1573 1422 1624 composita
1455 1575 1549 1613 Tol—

137 1638 242 1679 biaci
271 1640 314 1680 in
346 1641 495 1682 finibus
529 1641 883 1694 Agrippinensium
918 1640 1087 1692 agebat:
1127 1639 1199 1679 sed
1230 1638 1349 1679 tristis
1383 1639 1547 1679 nuntius

136 1704 287 1754 avertit,
329 1706 504 1746 deletam
543 1708 751 1748 cohortem
790 1708 886 1747 dolo
926 1704 1289 1756 Agrippinensium,
1325 1703 1394 1755 qui
1431 1704 1548 1755 largis
1573 1720 1612 1743 10

138 1772 266 1823 epulis
298 1772 474 1824 vinoque
513 1775 664 1826 sopitos
704 1774 938 1821 Germanos,
981 1772 1124 1811 clausis
1163 1769 1328 1819 foribus,
1361 1769 1453 1821 igne
1490 1769 1550 1809 in-

137 1835 243 1877 iecto
280 1849 534 1888 cremavere3
582 1839 702 1879 simul
741 1839 905 1881 Cerialis
946 1850 1115 1890 propero
1154 1835 1313 1887 agmine
1351 1835 1549 1875 subvenit.

138 1899 451 1943 circumsteterat
485 1903 655 1945 Civilem
687 1911 727 1944 et
760 1904 860 1944 alius
891 1911 1032 1950 metus,
1065 1914 1116 1941 ne
1146 1907 1285 1951 quarta
1313 1899 1471 1940 decima
1499 1901 1551 1940 le-

138 1965 205 2017 gio
232 1968 422 2009 adiuncta
456 1969 686 2010 Britannica
713 1971 841 2010 classe
873 1969 1094 2010 adflictaret
1128 1969 1310 2014 Batavos,
1341 1979 1422 2017 qua
1450 1967 1551 2007 Oce-

138 2043 219 2071 ano
243 2032 484 2074 ambiuntur.
543 2036 615 2075 sed
635 2036 835 2086 legionem
855 2033 1026 2074 terrestri
1053 2032 1192 2072 itinere
1225 2030 1372 2070 Fabius
1393 2030 1550 2071 Priscus
1572 2048 1611 2082 15

139 2096 291 2148 legatus
317 2097 360 2138 in
385 2099 555 2140 Nervios
581 2102 847 2152 Tungrosque
875 2099 998 2148 duxit,
1028 2111 1179 2150 eaeque
1209 2096 1387 2137 civitates
1415 2096 1458 2136 in
1485 2097 1552 2136 de-

139 2161 336 2203 ditionem
363 2172 575 2217 acceptae:
610 2166 778 2205 classem
808 2166 912 2205 ultro
942 2164 1226 2206 Canninefates
1256 2161 1431 2213 adgressi
1459 2169 1551 2201 sunt

183 2265 242 2317 7⁴8.
265 2267 288 2299 6
309 2267 450 2308 gloriam
467 2268 511 2300 M
641 2279 659 2308 7
684 2269 744 2300 xxi
762 2268 805 2301 M
932 2270 954 2300 8
978 2268 1183 2310 conglovata
1206 2267 1255 2309 M,
1275 2271 1392 2300 notam
1411 2266 1470 2299 del.
1491 2266 1534 2298 M
1537 2265 1550 2287 ¹

143 2319 183 2350 14
205 2311 371 2344 incuriam
386 2311 431 2344 Μ

146 2391 153 2395 ⁵
184 2358 247 2396 79.
272 2365 293 2395 3
316 2355 502 2388 relictasibi
518 2355 580 2387 M:
604 2355 741 2388 relictas
758 2356 803 2388 ibi
820 2356 901 2388 coni.
920 2355 1096 2388 Andresen
1245 2365 1264 2395 7
1290 2354 1484 2386 intenderet
1499 2353 1551 2393 M,

140 2407 220 2430 corr.
249 2397 307 2430 M1
506 2401 528 2431 8
551 2400 685 2440 integra
707 2410 794 2440 quae
819 2410 838 2431 e
867 2399 1015 2432 Chaucis
1045 2399 1208 2432 Pichena:
1245 2399 1451 2439 integraque
1473 2402 1508 2430 et
1532 2407 1552 2429 e

141 2441 278 2474 cauchis
296 2441 340 2474 M
458 2451 498 2476 ιο
521 2443 698 2486 adlavertit
715 2443 765 2485 M,
785 2443 828 2476 ad
845 2441 904 2476 del.
923 2442 963 2474 M
968 2441 982 2463 ²
1119 2443 1159 2475 16
1182 2452 1224 2474 ea
1240 2452 1350 2483 aeque
1368 2440 1411 2473 M
