1748 2826
438 127 846 171 HISTORIARVM
877 131 1050 170 LIBER
1081 132 1147 171 111
1432 132 1499 171 111
1519 140 1576 178 30

95 238 284 297 populus,
314 255 460 295 magna
477 232 579 294 'pars
613 241 753 282 Italiae
787 249 890 282 stato
923 242 964 281 in
1003 243 1168 283 eosdem
1206 243 1292 283 dies
1326 249 1503 283 mercatu

95 314 344 360 congregata,
383 308 495 360 quod
532 306 810 347 defensoribus
851 307 1042 347 auxilium
1090 308 1144 348 ob
1192 307 1504 358 multitudinem,
1525 323 1543 356 5

23 389 26 394 ’
93 371 421 425 obpugnantibus
458 371 762 412 incitamentum
800 372 855 413 ob
892 374 1082 424 praedam
1120 380 1214 413 erat.
1281 374 1365 426 rapi
1403 374 1504 427 ignis

28 484 33 499 s
95 437 296 481 Antonius
333 437 548 490 inferrique
583 437 877 478 amoenissimis
915 445 1024 478 extra
1055 439 1196 479 urbem
1227 439 1419 480 aedificiis
1451 440 1507 480 iu-

27 518 29 522 ·
93 504 174 554 bet,
190 503 224 545 si
243 505 395 544 damno
413 517 545 544 rerum
565 517 725 543 suarum
746 504 1039 545 Cremonenses
1058 505 1111 544 ad
1130 505 1366 545 mutandam
1382 506 1505 546 fidem

93 569 351 612 traherentur.
409 569 634 622 propinqua
661 568 784 609 muris
812 576 918 610 tecta
946 576 986 608 et
1014 569 1268 609 altitudinem
1299 570 1505 611 moenium

20 648 22 651 ’
92 643 250 689 &essa
272 633 495 676 >fortissimo
522 647 686 687 quoque
719 634 890 674 militurn
919 636 1123 687 complet,
1160 635 1215 675 illi
1244 637 1424 677 trabibus
1453 644 1507 677 te—
1528 651 1568 674 10

31 703 49 749 ξ,
90 694 275 753 gulisque
293 708 341 742 et
353 699 506 741 facibus
525 707 838 753 propugnatores
858 701 1083 740 deturbant.

32 779 41 826 'q
257 767 346 807 Iam
388 765 564 818 legiones
610 765 651 805 in
697 765 939 806 testudinem
983 767 1315 818 glomerabantur,
1356 776 1396 808 et
1440 768 1505 807 alii
1525 780 1570 818 31

94 832 174 873 tela
201 844 375 884 saxaque
404 831 662 881 incutiebant,
695 845 788 872 cum
822 833 1078 883 languescere
1110 833 1302 884 paulatim
1331 833 1505 873 Vitellia-

33 913 34 916 *
93 908 238 938 norum
265 897 400 938 animi.
459 904 504 937 ut
536 897 626 949 quis
660 897 801 937 ordine
834 897 1025 946 anteibat,
1059 899 1202 938 cedere
1232 900 1425 948 fortunae,
1456 912 1508 939 ne

94 961 298 1004 Cremona
333 975 497 1014 quoque
534 961 665 1001 excisa
702 963 811 1001 nulla
843 963 945 1001 ultra
977 963 1094 1002 venia
1124 962 1336 1014 omnisque
1369 964 1426 1003 ira
1456 963 1509 1003 vi-

94 1027 225 1068 ctoris.
244 1040 328 1067 non
356 1026 399 1066 in
426 1028 566 1079 vulgus
599 1026 727 1079 inops,
759 1027 831 1067 sed
864 1026 906 1066 in
939 1027 1120 1067 tribunos
1158 1028 1506 1081 centurionesque,
1529 1050 1547 1083 5

22 1091 27 1100 ¹
93 1091 165 1132 ubi
193 1091 364 1144 pretium
392 1091 527 1132 caedis
560 1099 654 1141 erat,
685 1099 952 1132 reverteretur.
1011 1093 1210 1144 gregarius
1241 1093 1354 1134 miles
1388 1096 1507 1134 futuri

21 1142 26 1187 f
94 1170 231 1199 socors
263 1165 305 1198 et
332 1156 581 1210 ignobilitate
611 1157 733 1197 tutior
764 1157 990 1209 perstabat:
1032 1157 1119 1209 vagi
1148 1172 1219 1210 per
1246 1159 1340 1211 viaS,
1370 1159 1410 1199 in
1441 1161 1510 1200 do-

94 1223 229 1264 mibus
247 1221 375 1263 abditi
394 1235 536 1274 pacem
555 1236 607 1262 ne
631 1229 718 1262 tum
743 1222 910 1274 quidem
936 1222 1116 1271 orabant,
1138 1236 1231 1263 cum
1261 1224 1411 1264 bellum
1441 1238 1509 1277 po-

25 1322 27 1324 .
93 1287 277 1330 suissent.
335 1287 528 1340 primores
556 1295 776 1328 castrorum
805 1301 956 1328 nornen
984 1295 1106 1340 atque
1136 1289 1329 1341 imagines
1357 1290 1508 1330 Vitellii

18 1369 23 1372 ·
93 1353 362 1404 amoliuntur3
389 1361 551 1394 catenas
580 1353 780 1395 Caecinae
810 1354 922 1406 (narn
951 1354 1072 1394 etiam
1100 1361 1197 1394 tune
1225 1355 1382 1395 vinctus
1407 1358 1507 1409 erat)
1532 1375 1572 1398 10

23 1431 28 1455 :
92 1420 282 1460 exolvunt
306 1426 502 1471 orantque
530 1427 575 1459 ut
600 1433 745 1460 causae
770 1433 866 1459 suae
892 1420 1127 1471 deprecator
1146 1420 1322 1461 adsistat.
1380 1435 1510 1473 asper-

92 1493 256 1526 nantem
289 1492 594 1536 tumentemque
625 1484 797 1524 lacrimis
829 1485 1005 1536 fatigant,
1039 1493 1258 1527 extremum
1298 1488 1506 1537 malorum,

26 1555 29 1558 ⁴
93 1557 153 1591 tot
177 1550 379 1590 fortissimi
398 1549 469 1590 viri
495 1550 708 1603 proditoris
735 1564 856 1603 opem
885 1552 1118 1591 invocantes
1133 1567 1144 1601 ;
1172 1566 1265 1592 mox
1284 1555 1511 1594 velamenta

23 1604 36 1624 ²
62 1656 64 1658 ,
93 1622 134 1656 et
161 1615 304 1657 infulas
333 1607 406 1668 pro
434 1616 556 1657 muris
585 1624 801 1657 ostentant.
871 1630 965 1656 cum
998 1616 1201 1657 Antonius
1231 1617 1402 1658 inhiberi
1431 1620 1510 1659 tela

30 1707 31 1710 =
63 1672 67 1677 i
93 1681 281 1731 iussisset,
335 1681 446 1734 signa
500 1682 734 1734 aquilasque
784 1683 983 1731 extulere,
1046 1690 1243 1723 maestum
1295 1683 1507 1724 inermium
1532 1703 1572 1736 15

91 1760 237 1800 agmen
264 1747 429 1789 deiectis
457 1748 499 1788 in
530 1755 674 1788 terram
703 1748 830 1789 oculis
864 1749 1117 1800 sequebatur.
1175 1748 1508 1790 circumstiterant

25 1807 30 1838 '-
93 1813 262 1856 victores
288 1822 329 1855 et
354 1814 484 1867 primo
512 1815 745 1867 ingerebant
770 1815 926 1867 probra,
949 1814 1201 1855 intentabant
1231 1816 1356 1855 ictus:
1399 1829 1506 1866 ιῃοκ,

27 1887 29 1889 ’
93 1886 138 1921 ut
173 1880 353 1933 praeberi
390 1894 460 1922 ora
492 1881 746 1922 contumeliis
785 1888 824 1921 et
862 1880 993 1933 posita
1031 1880 1143 1920 omni
1181 1880 1329 1921 ferocia
1362 1890 1509 1922 cuncta
1539 1926 1541 1928 ,

92 1945 186 1987 victi
223 1946 486 1999 patiebantur,
525 1947 632 1987 subit
670 1946 894 1987 recordatio
931 1946 1021 1986 illos
1051 1960 1139 1986 esse
1170 1946 1240 1998 qui
1273 1960 1401 1999 nuper
1434 1949 1509 1988 Be—

90 2011 216 2052 driaci
253 2012 441 2053 victoriae
478 2020 776 2065 temperassent.
855 2013 927 2052 sed
971 2011 1042 2051 ubi
1087 2013 1263 2053 Caecina
1304 2020 1508 2065 praetexta
1529 2030 1570 2053 20

29 2106 32 2111 -
91 2077 378 2130 lictoribusque
411 2078 587 2130 insignis,
618 2078 773 2119 dimota
801 2078 929 2127 turba,
957 2079 1099 2118 consul
1127 2077 1300 2127 incessit,
1327 2092 1506 2119 exarsere

91 2143 262 2186 victores
280 2158 288 2184 z
306 2182 310 2183 γ
327 2143 555 2196 superbiam
583 2143 869 2196 saevitiamque
897 2142 1020 2197 (adeo
1047 2142 1174 2184 invisa
1204 2146 1354 2185 scelera
1378 2143 1502 2198 sunt),

137 2255 204 2290 30.
230 2259 250 2289 4
274 2249 457 2290 mercaltus
472 2249 515 2280 M
577 2279 579 2281 .

137 2298 190 2334 3¹·
213 2302 236 2333 3
259 2298 339 2325 ante
356 2293 449 2325 ibant
464 2293 508 2324 M
637 2304 657 2333 4
682 2294 818 2326 excissa
836 2293 1026 2333 Lahmeyer*
1152 2301 1173 2332 5
1196 2292 1296 2324 inobs
1312 2291 1355 2323 M
1482 2293 1506 2324 6

92 2340 286 2369 verteretur
300 2337 466 2377 Muretus,
485 2335 640 2369 Heraeus
743 2337 841 2369 miles
857 2336 908 2376 M,
922 2335 981 2367 sed
993 2346 1024 2367 m
1043 2346 1123 2368 corr.
1141 2346 1183 2368 ex
1196 2336 1254 2377 qui
1270 2336 1312 2368 M
1316 2335 1327 2357 ¹
1484 2346 1503 2376 7

21 2380 24 2381 ⁷
93 2381 239 2414 tututior
254 2380 305 2422 M,
321 2391 402 2415 corr.
419 2381 477 2413 Μι
626 2382 648 2413 8
672 2382 867 2423 potuissent
883 2380 932 2421 M,
951 2389 969 2413 s
986 2384 1143 2422 super-scr.
1164 2379 1221 2412 M¹
1373 2389 1414 2412 10
1436 2380 1505 2413 etia

19 2435 22 2466 j
93 2423 136 2458 M
222 2430 319 2458 erant
335 2425 378 2458 M
512 2435 552 2469 19
576 2425 681 2458 subiit
696 2424 881 2468 Nipperdey
