1748 2826
196 143 216 182 I
236 143 287 180 82
509 168 511 170 -
678 144 952 184 CORNELII
983 143 1178 183 TACITI

233 251 508 303 paenitentiae.
567 250 840 302 manipulatim
871 250 1046 290 adlocuti
1070 258 1160 289 sunt
1183 249 1356 289 Licinius
1378 248 1568 288 Proculus
1587 253 1628 287 et

235 318 385 357 Plotius
416 317 568 356 Firmus
598 316 795 367 praefecti,
827 329 873 355 ex
902 329 975 354 suo
1004 315 1171 366 quisque
1205 314 1364 366 ingenio
1397 313 1531 353 mitius
1559 318 1628 352 aut

175 398 211 431 ¹5
232 382 439 422 horridius.
511 381 600 420 finis
639 379 830 419 sermonis
869 379 909 418 in
948 393 996 419 eo
1034 387 1077 418 ut
1115 379 1237 431 quina
1270 379 1379 418 milia
1415 389 1627 418 nummum

232 446 394 497 singulis
442 445 631 484 militibus
674 452 994 484 numerarentur:
1042 451 1126 482 tum
1165 444 1275 484 Otho
1312 442 1465 494 ingredi
1501 449 1629 482 castra

232 525 361 551 ausus.
439 518 558 561 atque
602 509 712 548 illum
757 508 903 547 tribuni
948 508 1279 558 centurionesque
1322 506 1627 554 circumsistunt,

232 574 396 615 abiectis
416 573 578 613 militiae
606 572 824 623 insignibus
848 572 973 611 otium
998 580 1037 611 et
1063 573 1229 611 salutem
1258 571 1489 622 flagitantes.
1543 583 1629 610 sen-

234 639 284 678 sit
320 638 508 678 invidiam
554 637 666 675 miles
708 644 747 676 et
794 636 1038 687 compositus
1082 636 1123 674 in
1168 635 1406 686 obsequium
1437 642 1628 676 auctores

175 721 215 744 20
234 702 438 744 seditionis
467 704 519 742 ad
548 701 785 753 supplicium
815 703 917 740 ultro
945 701 1180 751 postulabat.

162 773 214 821 83
357 751 517 827 [ὃῖὴᾳ
551 779 793 817 quamquam
832 764 998 804 turbidis
1031 765 1148 804 rebus
1186 771 1225 804 et
1258 763 1420 804 diversis
1458 761 1635 807 militurn,

232 832 385 880 animis,
417 845 509 871 cum
539 830 713 881 optimus
743 829 911 880 quisque
944 829 1163 869 remedium
1198 828 1412 880 praesentis
1445 826 1629 868 licentiae

234 903 423 949 posceret,
453 897 591 946 vulgus
622 902 661 934 et
694 896 824 945 plures
856 893 1118 933 seditionibus
1145 901 1184 933 et
1215 893 1429 932 ambitioso
1461 891 1629 943 irnperio

234 961 325 1001 laeti
358 974 427 1012 per
460 960 594 999 turbas
628 966 666 997 et
697 966 830 1009 raptus
862 957 1012 997 facilius
1042 960 1093 998 ad
1126 957 1240 997 civile
1271 957 1422 1009 bellum
1454 955 1630 1008 impelle,-

197 1041 214 1073 5
234 1033 378 1072 rentur,
413 1025 528 1065 simul
562 1031 747 1074 reputans
782 1036 862 1062 non
897 1035 1013 1074 posse
1045 1021 1309 1073 principatum
1338 1022 1484 1061 scelere
1512 1033 1630 1073 quae-

234 1092 352 1130 situm
407 1090 536 1129 subita
590 1087 786 1127 modestia
832 1095 870 1126 et
917 1087 1044 1138 prisca
1098 1086 1286 1137 gravitate
1339 1085 1506 1134 retineri,
1556 1087 1629 1127 sed

233 1154 460 1195 discrimine
494 1153 600 1193 urbis
639 1160 678 1191 et
726 1151 899 1202 periculo
942 1159 1100 1190 senatus
1144 1150 1293 1198 anxius,
1333 1158 1534 1202 postremo
1574 1149 1630 1190 ita

233 1219 439 1259 disseruit:
473 1223 625 1268 ‘neque
653 1224 696 1255 ut
724 1218 904 1256 adfectus
933 1223 1080 1255 vestros
1110 1215 1150 1254 in
1179 1229 1355 1255 amorem
1384 1215 1463 1255 mei
1490 1227 1629 1255 accen·

233 1285 380 1332 derem,
411 1282 712 1334 commilitones,
745 1295 874 1332 neque
908 1288 951 1320 ut
981 1281 1157 1320 animum
1190 1281 1243 1319 ad
1276 1280 1459 1319 virtutem
1491 1281 1629 1320 cohor-

176 1366 215 1389 10
233 1356 333 1388 tarer
366 1349 547 1399 (utraque
585 1346 691 1386 enim
730 1345 881 1396 egregie
919 1345 1155 1396 supersunt),
1191 1346 1262 1384 sed
1293 1343 1383 1384 veni
1414 1345 1630 1399 postulatuff

233 1427 297 1452 rus
327 1427 351 1452 a
383 1412 495 1452 vobis
535 1418 889 1461 temperamentum
923 1417 1074 1450 vestrae
1102 1408 1341 1449 fortitudinis
1372 1416 1412 1448 et
1443 1422 1534 1460 erga
1563 1422 1628 1449 me

233 1479 399 1517 modum
437 1475 618 1516 caritatis.
678 1476 868 1513 tumultus
906 1473 1072 1525 proximi
1105 1473 1261 1512 initium
1296 1486 1377 1512 non
1411 1473 1628 1524 cupiditate

231 1545 293 1582 vel
320 1543 426 1591 odio,
457 1555 559 1593 quae
600 1543 745 1580 multos
779 1539 970 1579 exercitus
999 1539 1039 1578 in
1069 1538 1310 1579 discordiam
1343 1551 1469 1590 egere,
1500 1552 1548 1579 ac
1575 1551 1628 1580 ne

232 1606 517 1647 detrectatione
537 1605 699 1656 quidem
719 1612 786 1643 aut
807 1604 1016 1643 formidine
1045 1603 1308 1655 periculorum
1325 1619 1333 1643 :
1362 1603 1485 1643 nimia
1502 1602 1628 1655 pietas

173 1688 211 1720 15
231 1680 358 1712 vestra
388 1671 514 1711 acrius
549 1684 669 1721 quarn
706 1670 953 1710 considerate
987 1646 1202 1731 excita&
1237 1682 1329 1708 nam
1362 1681 1480 1720 saepe
1508 1669 1628 1709 hone-

232 1744 310 1776 stas
348 1750 476 1775 rerum
515 1748 664 1783 causas,
705 1734 744 1773 ni
783 1734 974 1774 iudicium
1013 1733 1213 1781 adhibeas,
1254 1733 1464 1784 perniciosi
1501 1734 1628 1775 exitus

230 1808 538 1852 consequuntur.
582 1799 684 1838 imus
703 1801 755 1838 ad
771 1799 930 1838 bellum.
976 1812 1069 1837 num
1088 1798 1217 1837 omnis
1237 1797 1398 1838 nuntios
1417 1799 1547 1849 palam
1563 1811 1629 1838 au-

229 1865 316 1914 diri,
348 1865 482 1904 omnia
511 1863 675 1904 consilia
707 1863 860 1903 cunctis
890 1862 1160 1914 praesentibus
1189 1862 1344 1902 tractari
1371 1861 1470 1902 ratio
1497 1875 1628 1902 rerum

230 1937 298 1969 aut
327 1929 583 1969 occasionum
613 1928 799 1968 velocitas
828 1927 1003 1979 patitur?
1049 1935 1129 1966 tam
1159 1926 1309 1967 nescire
1331 1928 1529 1978 quaedam
1558 1925 1628 1966 mi-

173 2012 212 2034 20
231 1994 318 2034 lites
348 2007 467 2045 quam
497 1994 596 2032 scire
625 2001 806 2044 oportet:
850 1993 904 2031 ita
934 2006 975 2032 se
1004 1994 1152 2032 ducum
1186 1991 1411 2041 auctoritas,
1440 1991 1496 2031 sic
1524 1990 1628 2043 rigor

231 2059 462 2110 disciplinae
501 2059 633 2106 habet,
672 2066 714 2097 ut
753 2059 877 2096 multa
915 2057 1032 2097 etiam
1078 2056 1328 2097 centuriones
1366 2055 1626 2108 tribunosque

274 2160 332 2193 82.
361 2170 399 2199 13
425 2160 587 2191 Proculus
609 2160 820 2191 Rhenanus:
856 2164 890 2191 et
913 2160 1082 2201 procullus
1099 2159 1139 2191 M
1293 2170 1336 2191 20
1359 2158 1550 2200 postulavat
1564 2157 1624 2192 M:

231 2204 415 2244 postulavit
437 2203 663 2234 Weissenborn

275 2246 334 2286 83.
357 2258 395 2278 12
419 2247 569 2286 cupidite
586 2245 649 2277 M:
673 2246 832 2285 cupidine
849 2245 1007 2287 Agricola
1163 2255 1201 2286 13
1224 2243 1362 2286 egreM
1515 2255 1554 2286 14
1578 2245 1626 2276 ita

231 2290 381 2322 distinxit
400 2289 592 2320 Acidalius:
616 2289 685 2320 sine
699 2289 903 2321 distinctione
916 2289 1064 2330 priores:
1081 2293 1191 2322 ortum
1203 2291 1282 2329 post
1294 2287 1516 2329 periculorum
1537 2287 1588 2319 vel
1604 2298 1625 2319 a

231 2337 306 2365 ante
321 2333 504 2373 cupiditate
528 2331 678 2363 excfflsse
690 2332 830 2372 putabat
841 2331 979 2365 Ernesti
1160 2341 1200 2372 15
1223 2331 1437 2364 considerate
1459 2329 1625 2363 Waltherz

232 2377 424 2409 considerat
440 2375 483 2406 M
493 2386 501 2407 z
526 2375 775 2407 consideratius
790 2374 865 2409 dett.
