1748 2826
174 159 216 197 ΙΙ
237 161 266 204 '9
678 159 954 199 CORNELII
985 160 1181 200 TACITI

187 272 217 311 9
401 270 598 310 Galatiam
626 284 672 310 ac
700 270 974 323 Pamphyliam
998 271 1220 323 provincias
1245 271 1462 323 Calpurnio
1485 273 1630 324 Aspre·

237 334 320 374 nati
349 336 541 386 regendas
574 336 704 375 Galba
737 335 976 387 permiserat.
1049 337 1166 376 datae
1200 350 1222 376 e
1255 338 1380 377 classe
1412 336 1632 377 Misenensi

237 401 342 440 duae
370 400 546 440 triremes
569 402 621 440 ad
647 401 981 451 prosequendum,
1005 414 1096 440 cum
1121 400 1266 452 quibus
1296 401 1501 452 Cythnum
1529 401 1634 441 insu-

237 465 316 503 lam
344 464 495 505 tenuit:
524 479 599 505 nec
628 467 789 505 defuere
817 465 886 517 qui
915 465 1146 505 trierarchos
1176 466 1339 506 nomine
1368 465 1539 506 Neronis
1567 478 1634 506 ac-

199 542 217 575 5
238 528 373 569 cirent.
430 530 462 569 is
494 530 534 569 in
561 530 798 570 maestitiam
830 530 1074 581 compositus
1104 537 1143 570 et
1172 531 1294 570 fidem
1323 544 1484 571 suorum
1510 543 1636 582 quon-

239 594 333 633 dam
367 593 536 633 militum
567 595 768 644 invocans,
799 602 844 634 ut
875 609 967 634 eum
998 594 1039 634 in
1071 595 1180 646 Syria
1212 602 1280 634 aut
1314 597 1498 647 Aegypto
1525 595 1635 636 siste-

239 665 326 697 rent
355 659 506 700 orabat.
563 660 772 708 trierarchi,
804 667 989 699 nutantes
1018 673 1088 699 seu
1116 661 1222 708 dolo,
1250 661 1529 711 adloquendos
1555 659 1632 700 sibi

239 722 383 763 milites
403 731 442 763 et
461 724 604 775 paratis
625 724 805 764 omnium
830 723 972 763 animis
999 737 1220 764 reversuros
1241 725 1504 766 firmaverunt.
1562 720 1653 765 sedv

238 788 450 839 Asprenati
479 797 623 829 cuncta
652 802 698 828 ex
725 790 804 829 fide
832 788 1023 836 nuntiata,
1058 788 1172 828 cuius
1207 788 1481 828 cohortatione
1516 801 1636 840 expu-

178 873 217 895 10
238 860 357 904 gnata
384 853 494 893 navis
523 861 562 893 et
591 854 818 893 interfectus
847 853 1026 904 quisquis
1055 852 1120 892 ille
1149 860 1242 892 erat.
1297 866 1451 904 corpus,
1482 852 1635 904 insigne

240 918 366 957 oculis
389 931 584 970 comaque
613 926 652 958 et
681 918 862 958 torvitate
882 919 1023 966 vultus,
1053 917 1094 958 in
1119 917 1258 957 Asiam
1283 919 1405 968 atque
1432 916 1528 958 inde
1555 919 1635 957 Ro-

240 997 345 1022 mam
365 990 594 1034 pervectum
615 990 683 1022 est.

173 1059 219 1088 10
403 1049 452 1087 In
485 1047 642 1087 civitate
673 1046 847 1087 discordi
885 1054 924 1086 et
962 1047 1017 1086 ob
1056 1046 1213 1086 crebras
1252 1045 1476 1098 principum
1511 1053 1636 1086 muta-

239 1112 367 1152 tiones
398 1112 500 1152 inter
536 1112 758 1152 libertatem
796 1126 843 1151 ac
881 1111 1081 1151 licentiam
1121 1113 1269 1151 incerta
1301 1125 1444 1162 parvae
1474 1123 1636 1163 quoque

238 1191 299 1217 res
329 1177 481 1228 magnis
511 1177 685 1217 motibus
711 1178 939 1228 agebantur.
999 1176 1142 1216 Vibius
1172 1175 1346 1227 Crispus,
1373 1175 1543 1227 pecunia
1567 1188 1636 1227 po-

238 1242 362 1281 tentia
390 1241 550 1294 ingenio
578 1241 679 1281 inter
707 1243 832 1281 claros
859 1241 983 1292 magis
1010 1254 1131 1291 quam
1160 1240 1262 1279 inter
1289 1241 1429 1288 bonos,
1456 1239 1635 1279 Annium

200 1326 217 1358 5
240 1309 430 1346 Faustum
465 1306 655 1358 equestris
694 1306 853 1354 ordinis,
887 1305 955 1357 qui
989 1304 1233 1356 temporibus
1272 1304 1444 1344 Neronis
1473 1303 1636 1345 delatio-

239 1385 310 1410 nes
344 1371 597 1420 factitaverat‚
630 1373 682 1411 ad
720 1370 989 1422 cognitionem
1024 1377 1183 1409 senatus
1213 1369 1381 1409 vocabat
1396 1384 1408 1419 ς
1448 1382 1542 1408 nam
1579 1382 1636 1408 re-

240 1449 335 1476 cens
373 1436 526 1476 Galbae
567 1436 789 1488 principatu
829 1442 1065 1475 censuerant
1101 1441 1243 1485 patreS‚
1278 1441 1322 1473 ut
1358 1441 1634 1474 accusatorum

240 1514 383 1540 causae
408 1509 674 1540 noscerentur.
733 1501 775 1541 id
801 1508 960 1540 senatus
987 1500 1214 1539 consultum
1237 1498 1342 1538 varie
1366 1498 1556 1538 iactatum
1583 1506 1633 1547 et,

239 1573 357 1617 prout
382 1574 523 1616 potens
553 1568 614 1605 vel
642 1565 758 1617 inops
786 1579 875 1605 reus
899 1564 1101 1612 inciderat,
1128 1563 1328 1602 infirmum
1354 1570 1422 1603 aut
1445 1563 1631 1611 validum,

184 1646 221 1668 10
240 1630 434 1670 retinebat
445 1631 578 1670 adhuc
590 1632 743 1681 aliquid
751 1631 918 1669 terroris.
949 1636 988 1669 et
1004 1628 1161 1680 propria
1173 1627 1211 1667 vi
1225 1627 1388 1679 Crispus
1401 1627 1635 1667 incubuerat

241 1697 457 1735 delatorem
495 1695 620 1734 fratris
658 1695 718 1734 sui
756 1701 987 1746 pervertere,
1026 1700 1272 1743 traxeratque
1310 1705 1494 1744 magnam
1528 1705 1637 1732 sena-

241 1767 303 1799 tus
332 1766 494 1810 partem,
521 1767 564 1799 ut
592 1759 844 1800 indefensum
869 1767 909 1799 et
934 1758 1158 1799 inauditum
1182 1757 1276 1797 dedi
1300 1758 1351 1796 ad
1380 1756 1543 1797 exitium
1568 1770 1637 1809 po-

241 1826 440 1864 stularent.
499 1831 636 1864 contra
663 1826 771 1876 apud
799 1824 897 1864 alios
926 1823 1024 1863 nihil
1052 1835 1180 1873 aeque
1207 1835 1275 1861 reo
1301 1822 1486 1872 proderat
1514 1834 1637 1872 quam

242 1890 364 1929 nimia
391 1889 569 1940 potentia
596 1890 859 1929 accusatoris:
889 1889 973 1929 dari
1001 1896 1169 1938 tempUS,
1200 1885 1265 1925 edi
1294 1885 1469 1934 crimina,
1501 1899 1636 1937 quam-

285 2002 321 2035 9·
351 2005 364 2025 1
391 1995 537 2034 galitiam
557 1995 599 2026 M
727 2008 747 2029 2
771 1997 971 2037 permiserat
989 1993 1042 2026 Ml
1060 2005 1066 2025 ε
1093 1992 1295 2033 premiserat
1311 1989 1354 2021 M
1427 1988 1567 2021 misensi
1583 1988 1634 2030 M,

240 2049 318 2070 “0²7‘-
337 2038 377 2068 M
380 2037 393 2058 ²
525 2049 545 2078 3
571 2041 741 2079 Cythnum
758 2039 958 2072 Frobem'us:
985 2037 1165 2069 scithinum
1180 2035 1223 2066 M
1359 2044 1380 2073 4
1403 2032 1569 2065 trierchos
1585 2031 1633 2073 M,

241 2092 320 2113 corr·
339 2079 381 2111 M
383 2080 396 2100 ²
550 2085 572 2114 6
594 2084 686 2124 syria
702 2083 744 2115 Μ
747 2083 758 2103 ¹
774 2095 782 2115 ι
805 2084 932 2124 syriam
947 2081 990 2112 M
1138 2089 1156 2118 7
1181 2077 1378 2110 trierarchis
1394 2075 1447 2116 (ar
1461 2076 1497 2106 in
1513 2085 1636 2107 rasura

243 2124 314 2165 Ml)
330 2124 372 2155 M
383 2135 391 2155 τ
414 2124 592 2158 trierarchi
609 2137 669 2159 seu
686 2127 819 2159 Ernesti
913 2136 935 2166 9
957 2123 1128 2165 asprenati
1146 2121 1224 2153 M1:
1247 2120 1439 2162 asprenatis
1455 2117 1497 2149 M
1597 2127 1638 2151 10

242 2168 354 2208 quisq;
372 2168 414 2198 M
500 2175 599 2210 caput
622 2170 751 2210 qurm,
769 2170 880 2202 Halm

285 2218 339 2243 10.
367 2222 381 2242 1
409 2212 468 2254 ob]
487 2213 551 2245 hoc
569 2212 611 2244 M
753 2223 773 2253 5
796 2213 1002 2245 delationem
1018 2209 1141 2250 Halm,
1160 2218 1265 2240 errore
1279 2211 1319 2240 ut
1333 2206 1464 2240 videtur
1613 2206 1637 2237 6

243 2255 480 2294 cognationem
499 2255 542 2286 M
648 2257 788 2288 vocabat
803 2267 843 2288 ex
856 2257 997 2288 vacabat
1010 2254 1135 2296 partim
1152 2263 1232 2284 corr.
1251 2250 1294 2282 M
1295 2252 1307 2270 ¹
1409 2248 1539 2281 recenti
1554 2246 1636 2290 Nip-

242 2297 353 2338 berdqy
486 2310 504 2339 7
529 2300 657 2332 Galbae
674 2301 864 2340 principatu
881 2300 951 2332 secl.
972 2299 1081 2330 Ritter
1212 2306 1252 2327 10
1274 2295 1383 2327 adhuc
1400 2293 1464 2325 ab:
1487 2291 1633 2334 adhunc}

243 2341 284 2372 M
405 2342 532 2383 aliquid
549 2344 655 2385 suppl.
672 2344 775 2383 Jacob
888 2348 1019 2375 terrore
1036 2341 1096 2373 ab:
1120 2345 1268 2372 terrores
1283 2337 1445 2378 Madvzgz
1467 2340 1635 2368 terrorem

242 2385 269 2417 I.
296 2385 333 2417 F.
362 2385 565 2421 Gronovius:
593 2388 801 2419 retinebatur
824 2388 934 2418 adhuc
958 2385 1080 2417 terrori
1107 2382 1292 2421 Addalius,
1318 2380 1480 2420 Heraeus,
1501 2377 1635 2410 Halmz

243 2429 463 2463 retinebatur.
510 2430 556 2462 At
573 2436 654 2463 tunc
671 2436 802 2464 terrore
817 2429 998 2473 Nipperdey
1085 2427 1136 2468 et]
1154 2430 1207 2459 set
1221 2425 1330 2457 Halm
