1748 2826
0 2717 14 2826 ἑ,

479 142 884 182 HISTORIARVM
916 142 1087 181 LIBER
1117 143 1185 181 ΙΙΙ
1472 143 1539 181 ΙΙΙ
1559 150 1610 191 37

133 253 248 294 cinae
284 253 502 308 supererat)
524 266 677 306 magno
706 266 798 292 cum
832 252 955 293 inrisu
989 252 1197 293 tribuentis
1229 252 1543 305 accipientisque

133 318 412 360 eblandiretur.
489 318 616 372 pridie
653 319 845 358 kalendas
884 317 1125 358 Novembris
1167 318 1316 358 Rosius
1364 320 1543 370 Regulus

132 381 221 423 iniit
238 383 495 436 eiuravitque.
552 384 801 424 adnotabant
830 383 945 434 periti
973 396 1195 435 numquam
1221 390 1340 424 antea
1365 397 1448 424 non
1478 385 1544 424 ab·

131 455 270 500 rogato
291 449 522 501 magistratu
549 461 682 501 neque
705 450 792 500 lege
819 450 898 488 lata
923 448 1046 488 alium
1067 449 1303 499 suffectum3
1332 462 1427 488 nam
1451 463 1544 489 con-

130 514 192 554 sul
211 527 295 555 uno
313 515 380 555 die
405 522 446 556 et
471 522 564 556 ante
592 516 719 555 fuerat
747 514 942 556 Caninius
970 514 1138 555 Rebilus
1162 516 1208 556 C.
1232 516 1403 556 Caesare
1423 514 1544 555 dicta·
1569 532 1603 564 15

130 587 228 630 tore,
249 593 343 621 cum
362 581 458 622 belli
478 581 603 621 civilis
622 580 798 633 praemia
818 580 1106 620 festinarentur.

295 647 406 688 Nota
434 660 503 699 per
536 660 606 686 eos
639 646 725 687 dies
758 645 864 686 Iunii
897 646 1028 686 Blaesi
1060 660 1165 686 mors
1199 654 1239 686 et
1272 649 1426 686 famosa
1456 646 1540 704 fuit,
1561 646 1614 694 38

129 713 183 754 de
212 725 294 764 qua
322 712 380 752 sie
407 711 647 764 accepimus.
706 711 813 763 gravi
842 710 1018 763 corporis
1047 712 1190 751 morbo
1218 725 1334 763 aeger
1357 711 1542 751 Vitellius

130 776 357 818 Servilianis
387 776 512 816 hortis
544 776 683 816 turrim
716 775 848 815 vicino
882 775 998 816 sitam
1031 777 1243 816 conlucere
1277 790 1348 828 per
1380 784 1542 816 noctem

129 842 277 883 crebris
297 842 516 883 luminibus
535 841 827 882 animadvertit.
885 841 1101 881 sciscitanti
1128 855 1290 881 causam
1315 843 1425 894 apud
1445 843 1543 883 Cae-

129 907 262 947 cinam
299 909 480 948 Tuscum
510 907 662 959 epulari
699 908 861 956 multos,
893 906 1151 958 praecipuum
1190 908 1343 947 honore
1379 907 1540 947 Iunium
1562 923 1580 956 5

131 974 319 1013 Blaesum
351 972 582 1023 nuntiatur3
624 980 755 1013 cetera
787 972 829 1012 in
859 972 999 1020 maius,
1030 974 1082 1013 de
1114 980 1306 1024 apparatu
1335 981 1375 1013 et
1403 973 1542 1014 solutis

129 1038 170 1078 in
190 1038 393 1079 lasciviam
411 1039 566 1079 animis.
624 1052 701 1079 nec
719 1040 882 1079 defuere
908 1040 977 1090 qui
1002 1039 1135 1091 ipsum
1155 1041 1335 1079 Tuscum
1362 1047 1402 1080 et
1430 1039 1540 1087 alios,

129 1105 201 1144 sed
239 1104 492 1145 criminosius
531 1106 719 1159 Blaesum
764 1104 1002 1153 incusarent,
1043 1106 1155 1156 quod
1199 1118 1319 1157 aegro
1363 1104 1543 1157 principe

128 1171 255 1210 laetos
274 1169 360 1210 dies
379 1177 521 1222 ageret.
583 1169 653 1210 ubi
679 1176 907 1221 asperatum
926 1169 1135 1209 Vitellium
1156 1177 1195 1210 et
1215 1183 1333 1221 posse
1354 1171 1542 1210 Blaesum

127 1234 298 1286 perverti
334 1235 429 1276 satis
462 1235 590 1288 patuit
620 1235 668 1275 iis
706 1235 775 1286 qui
812 1234 1039 1287 principum
1077 1236 1249 1275 offensas
1286 1235 1428 1276 acriter
1458 1250 1543 1287 spe·
1566 1251 1603 1275 ιο

128 1302 323 1349 eulantur,
361 1302 480 1342 datae
518 1302 565 1341 L.
595 1300 759 1341 Vitellio
796 1300 1010 1341 delationis
1047 1308 1189 1352 partes.
1260 1301 1325 1341 ille
1363 1301 1541 1342 infensus

128 1366 274 1407 Blaeso
300 1366 571 1407 aemulatione
598 1380 728 1418 prava,
751 1368 863 1418 quod
890 1380 982 1406 eum
1009 1366 1121 1406 omni
1148 1368 1347 1407 dedecore
1367 1369 1541 1407 maculo-

127 1445 217 1472 sum
255 1431 410 1484 egregia
446 1433 552 1472 fama
595 1431 785 1481 anteibat,
825 1431 1056 1471 cubiculum
1095 1432 1343 1483 imperatoris
1382 1441 1538 1482 reserat,

127 1496 254 1536 filium
274 1496 359 1538 eius
379 1496 468 1537 sinu
488 1499 720 1549 complexus
742 1505 781 1537 et
806 1497 975 1549 genibus
999 1497 1197 1537 accidens.
1256 1512 1418 1538 causam
1449 1513 1540 1539 con-

127 1563 294 1603 fusionis
322 1563 539 1615 quaerenti,
560 1576 643 1603 non
672 1577 715 1603 se
743 1563 904 1615 proprio
933 1570 1043 1602 metu
1073 1576 1148 1602 nec
1176 1563 1236 1602 sui
1265 1563 1438 1612 anxium,
1468 1566 1540 1605 sed
1563 1581 1598 1613 15

67 1665 69 1668 Α
127 1641 202 1680 pro
237 1630 368 1678 fratre,
405 1642 478 1681 pro
522 1628 656 1669 liberis
700 1629 827 1668 fratris
867 1642 1005 1680 preces
1045 1628 1308 1680 lacrimasque
1347 1630 1536 1670 attulisse.

127 1693 269 1733 frustra
298 1693 591 1746 Vespasianum
628 1694 769 1743 timeri,
800 1707 922 1745 quem
961 1701 1020 1734 tot
1054 1693 1317 1734 Germanicae
1350 1695 1537 1746 legiones,

126 1764 187 1798 tot
223 1759 452 1811 provinciae
482 1760 624 1800 virtute
658 1774 704 1800 ac
738 1761 834 1809 fide,
863 1767 1018 1799 tantum
1058 1759 1234 1810 denique
1263 1766 1454 1800 terrarum
1492 1775 1541 1801 ac

127 1823 246 1864 maris
271 1823 477 1865 immensis
498 1825 634 1877 spatiis
663 1833 817 1865 arceat:
847 1825 889 1864 in
914 1825 1013 1865 urbe
1038 1839 1086 1864 ac
1110 1824 1199 1864 sinu
1226 1826 1451 1865 cavendum
1471 1828 1540 1866 ho-

86 1883 96 1889 ’
126 1897 244 1940 stem,
263 1889 403 1930 Iunios
422 1891 703 1942 Antoniosque
732 1904 827 1930 avos
857 1890 1082 1939 iactantem,
1107 1890 1176 1942 qui
1202 1904 1244 1930 se
1271 1890 1391 1942 stirpe
1417 1891 1540 1944 impe·
1561 1912 1600 1934 20

126 1955 270 1996 ratoria
287 1969 446 1996 comem
465 1970 513 1996 ac
539 1955 795 2008 magnificum
822 1956 1014 1996 militibus
1041 1963 1225 1996 ostentet.
1285 1970 1415 1996 versas
1445 1956 1538 1997 illuc

126 2021 308 2061 omnium
337 2021 493 2071 mentis,
519 2022 617 2062 dum
647 2021 831 2062 Vitellius
860 2022 1081 2062 amicorum
1111 2021 1444 2074 inimicorumque
1473 2037 1539 2063 ne·

125 2087 287 2138 glegens
319 2087 427 2129 fovet
458 2089 662 2127 aemulum
693 2087 881 2139 principis
915 2088 1071 2128 labores
1105 2102 1127 2127 e
1161 2087 1345 2128 convivio
1379 2102 1538 2139 prospe-

125 2160 312 2194 ctantem.
384 2154 633 2194 reddendam
667 2167 739 2206 pro
773 2154 1051 2206 intempestiva
1084 2154 1233 2194 laetitia
1266 2161 1459 2194 maestam
1498 2162 1538 2194 et

128 2267 170 2289 12
191 2256 424 2289 eblandiretur
434 2256 644 2290 Rhenanus:
668 2256 881 2290 blandiretur
897 2257 939 2289 M
1024 2257 1182 2290 noveveb
1198 2258 1239 2290 M
1331 2267 1369 2298 15
1391 2258 1536 2291 Rebilus

124 2301 316 2334 Rhenanus
331 2312 340 2333 z
363 2301 495 2333 rebitus
511 2300 555 2332 M
640 2307 778 2334 caesare
795 2302 844 2342 M,
863 2312 944 2334 corr.
963 2301 1006 2333 M
1009 2302 1022 2323 ¹

171 2343 232 2386 38.
257 2354 279 2385 3
302 2344 336 2376 in
352 2345 467 2377 vicino
483 2344 638 2378 Muretus
769 2346 791 2377 8
815 2344 1047 2379 criminosium
1065 2345 1108 2378 M
1238 2356 1279 2386 24
1305 2347 1480 2379 reddenda
1496 2347 1535 2379 M

126 2388 331 2423 maestitiam
347 2388 398 2432 M,
416 2399 496 2423 corr.
518 2388 575 2420 M1
