1748 2826
183 155 201 193 1
223 157 279 213 36.
673 158 948 200 CORNELII
978 160 1174 201 TACITI

223 263 494 306 exhortatione
523 273 673 317 mutua,
698 280 778 306 non
809 274 1010 318 tamquam
1039 268 1077 308 in
1106 270 1255 321 populo
1280 284 1327 311 ac
1346 272 1474 324 plebe,
1502 273 1617 316 variis

223 331 332 382 segni
360 331 589 372 adulatione
617 332 793 381 vocibus,
826 334 896 372 sed
930 340 972 372 ut
1002 347 1202 386 quemque
1230 337 1492 378 adfluentium
1522 340 1619 380 mili—

223 403 307 435 tum
340 405 583 448 aspexerant,
618 411 802 450 prensare
841 398 1035 447 manibus,
1072 401 1283 451 complecti
1321 402 1449 452 armis,
1485 406 1618 444 conlo-

166 476 204 498 ιο
223 474 311 501 care
349 461 466 509 iuxta,
508 462 657 513 praeire
695 470 997 511 sacramentum,
1044 466 1166 504 modo
1205 464 1482 516 imperatorem
1521 470 1619 508 miii-

222 526 338 575 tibus,
361 527 485 566 modo
504 526 646 566 milites
666 527 891 578 imperatori
911 530 1203 568 commendare.
1261 543 1336 570 nec
1355 531 1488 572 deerat
1509 533 1618 574 Otho

221 593 463 644 protendens
497 606 635 632 manus
669 594 832 632 adorare
868 595 1039 644 vulgum,
1076 593 1202 633 iacere
1240 597 1375 635 oscula
1412 604 1451 636 et
1484 586 1618 638 omnia

222 657 410 698 serviliter
442 671 513 709 pro
552 658 835 698 dominatione.
907 666 1118 710 postquam
1153 659 1334 699 universa
1364 661 1616 703 classicorum

222 722 325 774 legio
358 730 647 763 sacramentum
680 723 762 763 eius
795 723 960 774 accepit,
995 724 1122 763 fidens
1155 723 1316 774 viribus,
1349 733 1388 765 et
1421 740 1522 778 quos
1552 729 1618 768 ad-

166 796 202 830 15
222 789 302 828 huc
331 787 505 840 singulos
535 787 840 836 extimulaverat‚
870 788 1150 828 accendendos
1184 788 1224 827 in
1259 802 1472 831 commune
1510 799 1616 832 ratus

221 866 294 905 pro
312 854 417 892 vallo
434 860 649 892 castrorum
670 852 723 892 ita
742 853 885 903 coepit.

151 917 202 957 37
385 917 507 966 ‘Quis
545 919 596 957 ad
630 931 699 956 vos
736 917 993 968 processerim
1031 917 1334 968 commilitones,
1370 918 1501 960 dicere
1534 933 1616 961 non

220 995 394 1033 possum,
428 982 521 1032 quia
550 995 624 1021 nec
662 982 856 1033 privatum
894 996 959 1021 me
992 995 1133 1022 vocare
1171 983 1348 1023 sustineo
1379 984 1562 1037 princeps
1593 999 1617 1026 a

220 1047 332 1087 vobis
372 1047 610 1095 nominatus,
652 1061 725 1087 nec
768 1046 984 1098 principem
1023 1048 1101 1086 alio
1144 1046 1372 1098 imperante,
1443 1056 1615 1090 vestrum

220 1125 381 1164 quoque
414 1125 562 1151 nomen
601 1112 641 1150 in
680 1112 829 1151 incerto
867 1112 939 1151 erit
972 1113 1102 1151 donec
1135 1112 1381 1153 dubitabitur
1410 1114 1616 1166 imperato-

184 1194 202 1226 5
220 1193 302 1219 rem
323 1178 459 1230 populi
481 1178 653 1217 Romani
679 1177 721 1217 in
747 1177 882 1217 castris
911 1191 961 1216 an
989 1178 1145 1216 hostem
1172 1177 1360 1218 habeatis.
1418 1179 1616 1220 auditisne

220 1251 263 1283 ut
283 1257 411 1295 poena
439 1257 526 1282 mea
552 1250 591 1283 et
620 1243 856 1294 supplicium
877 1249 1049 1281 vestrum
1070 1242 1186 1281 simul
1206 1245 1486 1293 postulentur?
1511 1246 1615 1285 adeo

219 1309 470 1349 manifestum
500 1315 559 1348 est
588 1322 717 1359 neque
746 1307 870 1359 perire
899 1320 971 1346 nos
1000 1319 1130 1357 neque
1160 1308 1287 1346 salvos
1317 1321 1403 1348 esse
1431 1308 1507 1348 nisi
1535 1312 1615 1349 una

219 1387 335 1425 posse
350 1388 362 1423 3
389 1380 428 1413 et
455 1372 565 1413 cuius
592 1372 762 1412 lenitatis
791 1379 850 1411 est
879 1372 1019 1418 Galba,
1050 1371 1128 1410 iam
1158 1373 1321 1412 fortasse
1349 1373 1538 1424 promisit,
1570 1382 1614 1414 ut

220 1438 286 1490 qui
307 1440 416 1478 nullo
436 1446 673 1489 exposcente
693 1445 751 1477 tot
778 1436 885 1476 milia
912 1436 1326 1476 innocentissimorum
1350 1438 1519 1478 militum
1539 1446 1615 1478 tru-

162 1520 201 1543 10
220 1503 418 1542 cidaverit.
488 1504 624 1542 horror
653 1502 830 1542 animum
870 1501 976 1540 subit
1009 1501 1193 1551 quotiens
1231 1503 1416 1542 recordor
1453 1505 1613 1543 feralem

219 1567 422 1608 introitum
443 1576 482 1607 et
509 1570 611 1607 hanc
641 1569 766 1607 solam
795 1566 948 1607 Galbae
976 1565 1189 1614 victoriam,
1216 1579 1307 1605 cum
1331 1566 1372 1606 in
1401 1568 1526 1608 oculis
1555 1583 1613 1608 ur-

218 1632 280 1672 bis
312 1633 498 1673 decimari
528 1633 683 1673 deditos
715 1632 877 1679 iuberet,
913 1644 1014 1682 quos
1048 1631 1294 1682 deprecantis
1328 1631 1368 1671 in
1399 1633 1521 1672 fidem
1552 1647 1614 1674 ac-

219 1706 386 1749 ceperat.
463 1699 522 1738 his
561 1698 745 1749 auspiciis
783 1698 921 1737 urbem
960 1696 1165 1747 ingressus,
1206 1709 1326 1747 quarn
1363 1696 1527 1748 gloriam
1560 1700 1613 1739 ad

218 1763 481 1816 principatum
512 1765 641 1802 attulit
674 1762 748 1802 nisi
780 1761 900 1802 occisi
934 1761 1160 1801 Obultronii
1192 1760 1328 1800 Sabini
1361 1768 1400 1801 et
1438 1762 1613 1804 Cornelii

159 1842 198 1874 15
221 1828 399 1867 Marcelli
426 1828 465 1867 in
497 1828 703 1879 Hispania,
737 1827 852 1867 Betui
879 1826 1031 1867 Cilonis
1058 1825 1098 1864 in
1125 1825 1264 1874 Gallia,
1294 1825 1433 1866 Fontei
1454 1827 1612 1879 Capito

219 1892 279 1931 nis
300 1893 339 1931 in
368 1893 590 1941 Germania,
621 1892 753 1933 Clodii
781 1892 908 1932 Macri
927 1891 967 1931 in
988 1891 1132 1939 Africa,
1155 1890 1341 1942 Cingonii
1360 1891 1402 1930 in
1420 1891 1493 1941 via,
1515 1894 1611 1932 Tur-

218 1957 353 2008 piliani
373 1957 413 1996 in
433 1959 541 2006 urbe,
564 1958 797 2009 Nymphidii
817 1958 857 1997 in
878 1957 1043 1998 castris?
1089 1970 1191 2008 quae
1210 1969 1376 2008 usquam
1397 1957 1608 2008 provincia,

218 2035 320 2072 quae
350 2029 475 2061 castra
504 2030 594 2062 sunt
623 2022 698 2062 nisi
728 2030 889 2063 cruenta
917 2029 956 2062 et
989 2023 1185 2061 maculata
1210 2028 1290 2068 aut,
1321 2028 1365 2061 ut
1392 2021 1477 2073 ipse
1505 2036 1612 2074 prae-

216 2087 335 2136 dicat,
366 2089 576 2133 emendata
606 2096 643 2128 et
674 2091 877 2129 correcta?
929 2101 1022 2127 nam
1051 2101 1153 2139 quae
1180 2086 1245 2126 alii
1275 2088 1432 2136 scelera,
1464 2088 1530 2127 hic
1556 2101 1611 2128 re-

159 2167 199 2190 20
218 2152 350 2192 media
377 2160 502 2201 vocat,
534 2154 630 2192 dum
657 2153 763 2192 falsis
792 2152 1019 2192 nominibus
1053 2151 1298 2192 severitatem
1331 2165 1403 2203 pro
1437 2151 1607 2201 saevitia,

217 2216 496 2269 parsimoniam
535 2232 606 2270 pro
644 2218 817 2267 avaritia,
854 2217 1045 2269 supplicia
1082 2224 1122 2257 et
1167 2215 1426 2256 contumelias
1463 2223 1609 2256 vestras

217 2334 239 2364 9
261 2324 417 2365 pressare
433 2322 482 2364 M,
501 2326 616 2356 notam
633 2323 692 2355 del.
700 2322 847 2363 sortasse
861 2320 902 2352 M
909 2321 920 2342 ¹
1058 2331 1095 2352 12
1119 2319 1254 2360 volgum
1270 2318 1312 2351 Μ
1319 2318 1330 2339 ¹
1344 2330 1352 2351 z
1375 2320 1495 2359 volgus
1511 2318 1554 2350 M

261 2373 317 2408 37.
347 2378 360 2398 1
387 2367 591 2408 processerit
609 2366 657 2407 M,
676 2377 755 2399 corr.
775 2365 834 2397 M1
965 2374 985 2404 5
1009 2365 1051 2395 ad
1070 2363 1118 2403 M,
1131 2375 1153 2395 n
1169 2363 1393 2404 superscnpsit
1407 2363 1449 2394 M
1454 2361 1465 2381 ¹
1569 2372 1608 2403 15

218 2410 348 2442 Cilonis
365 2411 494 2443 Ritter:
518 2410 662 2442 chilonis
677 2410 720 2441 M
807 2410 846 2440 18
870 2408 996 2450 castra]
1012 2408 1046 2438 in
1065 2407 1184 2438 castris
1202 2407 1244 2438 M
1257 2406 1386 2447 repetita
1400 2417 1441 2438 ex
1454 2416 1547 2438 versu
1569 2416 1606 2446 17
