1748 2826
197 142 263 181 111
282 151 308 180 2
729 144 1005 183 CORNELII
1035 145 1228 184 TACITI

279 267 440 306 quoque
468 267 516 294 ac
543 254 717 294 theatris'
739 262 777 294 et
805 254 1045 294 amoenitate
1073 255 1180 294 urbis
1209 254 1406 294 emollitos
1434 260 1502 294 aut
1529 253 1674 293 valetu-

279 319 441 360 dinibus
464 320 614 360 fessos:
644 321 715 359 sed
741 320 879 360 addito
906 319 1033 371 spatio
1059 319 1275 359 rediturum
1304 327 1344 359 et
1367 318 1428 358 his
1451 318 1572 358 robur
1594 331 1673 358 me-

279 383 472 424 ditatione
502 383 596 424 belli
610 396 622 433 3
660 398 735 424 nec
760 386 897 436 procul
926 384 1195 433 Germaniam,
1221 385 1328 424 unde
1355 383 1456 424 vires
1470 398 1482 433 3
1524 382 1674 423 Britan-

223 462 262 485 ιο
279 447 386 487 niam
421 449 521 488 freto
557 447 703 497 dirimi,
732 447 838 488 iuxta
868 448 1015 488 Gallias
1054 449 1362 500 Hispaniasque,
1392 448 1592 500 utrimque
1621 446 1674 487 vi-

278 525 344 552 ros
368 514 493 564 equos
520 511 677 561 tributa,
709 513 916 565 ipsamque
947 513 1102 554 Italiam
1131 521 1170 553 et
1198 527 1294 565 opes
1319 514 1425 553 urbis
1439 528 1450 563 3
1478 527 1526 552 ac
1559 511 1592 552 si
1618 513 1674 551 in-

278 577 377 616 ferre
422 591 533 617 arma
571 579 674 618 ultro
706 577 838 626 velint,
874 580 973 617 duas
1011 578 1145 617 classis
1184 592 1433 630 vacuumque
1472 576 1672 632 Illyricum

278 654 396 681 mare.
454 641 552 692 quid
572 649 656 681 tum
683 643 852 681 claustra
871 642 1067 682 montium
1093 644 1328 694 profutura?
1383 642 1481 694 quid
1503 649 1673 683 tractum

278 704 319 744 in
348 712 539 746 aestatem
567 706 684 745 aliam
708 707 888 746 bellum?
942 708 1051 747 unde
1076 706 1231 746 interim
1262 707 1472 758 pecuniam
1500 714 1540 747 et
1568 721 1674 747 com-

220 781 256 814 15
278 772 462 810 meatus?
508 770 602 822 quin
634 770 765 823 potius
795 785 843 812 eo
867 771 955 822 ipso
980 779 1182 812 uterentur
1206 774 1316 823 quod
1341 771 1595 812 Pannonicae
1622 773 1674 811 le-

277 834 415 886 giones
454 836 647 887 deceptae
685 835 809 887 magis
848 850 969 887 quarn
1000 836 1126 876 victae
1164 850 1363 887 resurgere
1401 836 1440 876 in
1480 836 1672 876 ultionem

278 907 502 951 properent,
533 900 703 940 Moesici
737 902 928 941 exercitus
957 902 1126 953 integras
1158 901 1246 941 viris
1276 901 1487 941 attulerint.
1543 901 1575 941 si
1604 914 1673 940 nu-

278 977 408 1004 merus
438 964 607 1004 militum
636 964 918 1017 potiusquam
947 966 1146 1017 legionum
1177 974 1346 1017 putetur,
1377 967 1466 1018 plus
1493 965 1588 1005 hinc
1615 980 1674 1006 ro-

278 1029 395 1078 boris,
426 1029 524 1069 nihil
555 1029 767 1071 libidinum
782 1046 794 1080 3
835 1039 874 1071 et
901 1033 1094 1082 profuisse
1128 1032 1359 1084 disciplinae
1389 1031 1518 1083 ipsum
1548 1032 1673 1083 pudo-

219 1109 259 1131 20
277 1108 384 1134 rem:
416 1094 567 1145 equites
587 1109 681 1135 vero
710 1110 761 1135 ne
790 1103 874 1135 tum
902 1096 1065 1147 quidem
1092 1098 1228 1145 victos,
1251 1098 1322 1136 sed
1347 1108 1590 1147 quamquam
1617 1108 1673 1134 re-

277 1158 352 1198 bus
378 1159 550 1199 adversis
577 1159 783 1200 disiectam
803 1160 953 1201 Vitellii
974 1161 1111 1201 aciem.
1159 1163 1284 1202 ‘duae
1304 1169 1398 1201 tunc
1418 1159 1672 1201 Pannonicae

276 1236 323 1262 ac
355 1224 559 1263 Moesicae
589 1226 675 1264 alae
708 1238 918 1276 perrupere
951 1227 1133 1266 hostem:
1175 1239 1284 1266 nunc
1317 1225 1493 1266 sedecim
1522 1226 1671 1264 alarum

277 1286 490 1327 coniuncta
516 1288 626 1340 signa
652 1290 768 1340 pulsu
796 1289 1009 1341 sonituque
1037 1298 1076 1330 et
1096 1292 1203 1331 nube
1229 1291 1314 1343 ipsa
1342 1290 1521 1342 operient
1545 1304 1592 1330 ac
1612 1303 1672 1330 su-

277 1354 515 1403 perfundent
552 1353 697 1394 oblitos
736 1354 975 1405 proeliorum
1020 1355 1173 1406 equites
1205 1369 1421 1407 equosque.
1478 1354 1554 1395 nisi
1583 1354 1671 1406 quis

217 1429 257 1462 25
277 1416 428 1465 retinet,
451 1417 558 1457 idem
588 1431 723 1457 suasor
749 1426 965 1470 auctorque
996 1420 1150 1459 consilii
1180 1434 1257 1460 ero.
1329 1434 1411 1468 vos,
1429 1420 1573 1471 quibus
1599 1422 1672 1460 for-

278 1489 374 1521 tuna
406 1482 447 1521 in
481 1483 632 1534 integro
665 1490 736 1531 est,
766 1483 940 1534 legiones
976 1484 1200 1526 continete:
1244 1484 1340 1524 mihi
1370 1484 1576 1536 expeditae
1609 1498 1671 1524 co-

277 1547 409 1586 hortes
429 1547 634 1587 sufficient.
693 1547 771 1586 iam
797 1555 1007 1587 reseratam
1034 1549 1202 1597 Italiam,
1225 1549 1412 1600 impulsas
1435 1548 1584 1590 Vitellii
1610 1562 1671 1589 res

277 1611 455 1652 audietis.
514 1611 662 1652 iuvabit
683 1612 794 1664 sequi
815 1620 854 1652 et
875 1613 1046 1665 vestigiis
1066 1614 1258 1654 vincentis
1278 1614 1481 1655 insistere.'

234 1689 260 1726 3
442 1679 557 1717 Haec
589 1691 636 1717 ac
670 1677 763 1717 talia
796 1679 962 1729 flagrans
997 1679 1134 1727 oculis,
1170 1679 1269 1719 truci
1297 1693 1405 1728 voce,
1437 1693 1519 1731 quo
1555 1673 1670 1720 latius

276 1743 477 1784 audiretur
505 1743 670 1795 (etenim
697 1758 740 1784 se
770 1744 1020 1784 centuriones
1050 1752 1089 1784 et
1116 1744 1279 1796 quidam
1305 1745 1475 1785 militum
1503 1745 1670 1790 consilio

277 1808 544 1861 miscuerant),
583 1808 638 1849 ita
677 1809 815 1849 effudit
848 1816 891 1848 ut
929 1816 1066 1849 cautos
1101 1822 1261 1860 quoque
1290 1823 1337 1850 ac
1368 1810 1554 1862 providos
1586 1823 1671 1861 per-

276 1881 462 1922 moveret,
485 1875 623 1925 vulgus
649 1881 688 1913 et
713 1874 832 1913 ceteri
858 1888 982 1913 unum
1008 1874 1134 1914 virum
1164 1875 1400 1926 ducemque,
1426 1882 1556 1926 spreta
1577 1874 1671 1914 alio-

237 1950 257 1984 5
275 1951 361 1976 rum
400 1937 576 1989 segnitia,
614 1938 797 1978 laudibus
836 1939 989 1978 ferrent.
1048 1940 1151 1978 hanc
1190 1939 1250 1978 sui
1281 1941 1426 1979 famam
1458 1953 1505 1980 ea
1537 1940 1669 1980 statim

274 2003 461 2042 contione
495 2010 774 2051 commoverat,
806 2016 886 2054 qua
918 2002 1087 2043 recitatis
1116 2003 1351 2054 Vespasiani
1380 2003 1557 2055 epistulis
1586 2019 1670 2046 non

274 2074 318 2107 ut
354 2069 532 2119 plerique
570 2067 719 2107 incerta
756 2068 950 2116 disseruit,
987 2070 1065 2108 huc
1095 2067 1188 2108 illuc
1222 2075 1413 2109 tracturus
1444 2069 1670 2121 interpreta-

278 2182 316 2203 12
340 2171 558 2211 illyricsmare
582 2170 631 2211 M,
658 2173 773 2202 notam
797 2170 856 2202 del.
876 2170 943 2209 Ml,
964 2174 1001 2201 ut
1021 2171 1066 2202 sit
1089 2170 1208 2209 illyrici
1233 2180 1336 2211 mare,
1357 2174 1388 2202 et
1401 2170 1448 2202 sz'c
1459 2170 1503 2203 al.
1629 2183 1668 2212 14

276 2216 370 2247 Inter
395 2215 614 2254 lnpecuniam
631 2214 674 2244 M
826 2224 863 2254 15
888 2215 1076 2254 pannonica
1098 2213 1243 2253 legionis
1259 2214 1309 2255 M,
1329 2213 1390 2246 sed
1399 2224 1418 2246 e
1434 2219 1594 2256 superscr.
1610 2215 1667 2246 M1

275 2269 316 2298 24
341 2258 377 2289 ni
402 2257 466 2289 sibi
490 2257 566 2297 quis
589 2257 735 2288 malebat
758 2257 882 2288 Miiller
1060 2266 1101 2296 25
1125 2261 1268 2288 suaosor
1300 2257 1350 2297 M,
1380 2261 1495 2289 notam
1520 2257 1580 2290 del.
1609 2257 1665 2289 M¹

274 2306 435 2341 actorque
447 2299 551 2339 Jacob
683 2310 723 2339 27
749 2306 930 2332 reseratam
948 2300 1076 2331 Italiam
1094 2300 1260 2332 Pie-hena:
1284 2300 1443 2340 reseralta
1459 2300 1612 2332 militiam
1629 2301 1671 2333 M

319 2351 352 2384 3.
378 2355 399 2383 4
422 2348 571 2375 ceterum
588 2343 636 2382 Μ,
654 2342 715 2374 sed
723 2344 849 2383 partim
866 2354 945 2375 corr.
963 2342 1021 2374 M1
1036 2354 1043 2374 :
1066 2343 1188 2382 vulgus
1204 2349 1355 2376 ceterum
1373 2342 1515 2386 Madvig
1648 2355 1667 2384 7

275 2386 561 2428 interpretatione
594 2386 792 2421 Acidaliusz
837 2386 1172 2427 interpraetationem
1195 2386 1236 2419 M
1256 2387 1483 2422 accusativum
1511 2387 1668 2430 probante
