1748 2826
194 150 253 193 1v
272 155 328 202 63
718 151 993 193 CORNELII
1023 151 1218 194 TACITI

273 266 451 305 buerant.
509 265 580 304 sed
600 261 915 303 Transrhenanis
935 262 1119 314 gentibus
1144 262 1271 303 invisa
1295 263 1431 303 civitas
1460 264 1662 314 opulentia

271 339 470 382 auctuque
486 345 498 379 3
527 343 657 381 neque
675 328 799 369 alium
815 329 939 370 finem
957 327 1052 368 belli
1071 328 1257 367 rebantur
1275 342 1395 380 quam
1416 328 1446 368 si
1467 328 1662 380 promisca

216 413 255 436 10
272 410 319 436 ea
345 397 458 435 sedes
485 395 670 434 omnibus
699 393 907 434 Germanis
936 394 1035 434 foret
1060 400 1130 434 aut
1157 392 1323 434 disiecta
1346 392 1473 434 Vbios
1501 405 1662 445 quoque

272 459 530 513 dispersisset.

198 526 254 572 64
435 525 558 576 Igitur
592 523 788 570 Tencteri,
830 524 975 562 Rheno
1013 522 1182 563 discreta
1217 535 1325 573 gens,
1360 520 1489 561 missis
1524 519 1662 573 legatis

274 591 460 629 mandata
496 589 606 640 apud
643 586 856 627 concilium
890 585 1238 637 Agrippinensium
1277 585 1342 626 edi
1375 585 1524 635 iubent,
1559 599 1662 637 quae

271 653 534 693 ferocissimus
564 666 586 692 e
614 651 751 702 legatis
779 650 821 689 in
850 651 957 689 hunc
985 651 1152 690 modurn
1180 651 1366 700 protulit:
1392 649 1566 690 ‘redisse
1591 663 1662 690 vos

271 718 312 757 in
346 731 487 768 corpus
521 729 750 766 nomenque
782 713 1019 755 Germaniae
1052 714 1332 754 communibus
1366 713 1451 756 deis
1484 721 1524 754 et
1555 727 1663 765 prae-

234 796 253 830 5
271 782 390 834 cipuo
409 783 576 822 deorum
603 781 723 820 Marti
750 786 876 830 grates
896 778 1060 830 agimus,
1082 778 1276 829 vobisque
1295 779 1533 829 gratulamur
1552 778 1662 828 quod

272 849 433 887 tandem
458 847 570 886 liberi
595 845 696 885 inter
715 845 860 884 liberos
881 843 987 884 eritis
999 856 1013 894 ;
1046 857 1141 883 nam
1167 844 1220 884 ad
1246 844 1353 882 hunc
1373 842 1479 885 diem
1499 841 1663 883 flumina

268 921 318 948 ac
338 915 479 948 terram
497 914 538 947 et
557 907 711 948 caelum
738 907 914 957 quodam
942 905 1065 945 modo
1091 904 1222 957 ipsum
1249 906 1468 944 clauserant
1487 902 1662 945 Romani

270 979 315 1013 ut
342 971 554 1023 conloquia
582 983 897 1022 congressusque
925 977 1080 1010 nostros
1109 976 1298 1017 arcerent,
1328 970 1402 1017 vel,
1433 969 1544 1020 quod
1570 981 1662 1009 con-

270 1036 516 1076 tumeliosius
550 1043 609 1077 est
642 1036 732 1076 viris
765 1037 817 1075 ad
850 1048 958 1075 arma
991 1033 1108 1082 natis,
1134 1033 1305 1073 inermes
1335 1047 1382 1073 ac
1412 1046 1536 1085 prope
1563 1033 1662 1074 nudi

212 1117 251 1142 πο
271 1100 345 1140 sub
365 1102 532 1141 custode
559 1107 599 1142 et
627 1101 754 1152 pretio
782 1100 988 1139 coiremus.
1045 1099 1118 1139 sed
1145 1105 1190 1139 ut
1215 1098 1391 1139 amicitia
1415 1098 1662 1150 societasque

269 1172 403 1206 nostra
429 1165 471 1205 in
498 1173 701 1206 aeternum
727 1171 810 1204 rata
834 1163 922 1212 sint,
945 1165 1191 1215 postulamus
1210 1176 1235 1205 a
1258 1163 1371 1204 vobis
1397 1176 1530 1204 muros
1558 1164 1663 1203 colo-

269 1229 372 1281 niae,
401 1229 649 1272 munimenta
681 1228 837 1277 servitii,
867 1227 1082 1268 detrahatis
1117 1227 1252 1280 (etiam
1289 1228 1371 1268 fera
1403 1227 1599 1275 animalia,
1629 1226 1663 1266 si

268 1298 403 1337 clausa
431 1302 576 1342 teneas,
599 1293 751 1333 virtutis
778 1293 1090 1345 obliviscuntur),
1114 1294 1323 1334 Romanos
1350 1293 1482 1332 omnis
1508 1291 1551 1332 in
1579 1292 1662 1331 fini-

270 1361 346 1400 bus
372 1358 509 1400 vestris
537 1358 739 1398 trucidetis
764 1357 890 1409 (haud
918 1356 1031 1396 facile
1059 1356 1219 1396 libertas
1247 1364 1286 1396 et
1315 1357 1468 1396 domini
1496 1356 1662 1396 miscen-

210 1438 250 1473 15
271 1423 376 1476 tur):
405 1423 513 1463 bona
532 1422 826 1462 interfectorum
847 1420 887 1460 in
908 1420 1082 1460 medium
1110 1422 1266 1468 cedant,
1289 1434 1340 1461 ne
1365 1421 1454 1472 quis
1480 1421 1662 1460 occulere

270 1489 484 1540 quicquam
521 1493 588 1526 aut
626 1499 825 1537 segregare
863 1498 1021 1525 causam
1059 1499 1171 1525 suam
1209 1485 1343 1536 possit.
1401 1485 1516 1526 liceat
1544 1485 1661 1525 nobis

270 1552 463 1603 vobisque
496 1559 703 1602 utramque
733 1550 857 1600 ripam
885 1551 1024 1598 colere,
1055 1556 1099 1589 ut
1127 1549 1222 1589 olim
1251 1549 1465 1589 maioribus
1494 1548 1660 1589 nostris:

269 1631 351 1669 quo
370 1618 494 1659 modo
518 1618 648 1655 lucem
677 1616 865 1665 diemque
892 1615 1078 1653 omnibus
1105 1613 1346 1661 hominibus,
1367 1613 1420 1654 ita
1439 1612 1569 1655 omnis
1589 1619 1662 1652 ter-

268 1696 330 1722 ras
350 1683 515 1722 sortibus
535 1683 625 1722 viris
651 1688 790 1720 natura
817 1679 979 1731 aperuit.
1038 1679 1218 1719 instituta
1237 1681 1468 1730 cultumque
1487 1677 1658 1730 patrium

205 1763 247 1787 20
269 1748 466 1796 resumite,
502 1745 678 1798 abruptis
707 1744 989 1795 voluptatibus,
1020 1743 1165 1795 quibus
1199 1743 1375 1786 Romani
1407 1744 1496 1795 plus
1528 1744 1661 1785 adver·

268 1825 334 1852 sus
363 1811 563 1851 subiectos
591 1822 711 1861 quam
739 1808 858 1849 armis
883 1810 1025 1848 valent.
1084 1808 1259 1848 sincerus
1287 1815 1327 1848 et
1355 1807 1505 1859 integer
1518 1815 1559 1848 et
1586 1821 1662 1847 ser·

268 1875 401 1916 vitutis
434 1875 582 1915 oblitus
615 1874 785 1925 populus
823 1879 891 1912 aut
924 1886 971 1912 ex
1010 1885 1138 1923 aequo
1167 1874 1290 1923 agetis
1322 1879 1390 1912 aut
1421 1873 1507 1913 aliis
1541 1873 1662 1924 impe-

267 1940 456 1982 ritabitis.'

187 2004 249 2057 65
429 2005 740 2059 Agrippinenses
788 2009 948 2053 sumpto
1003 2001 1254 2041 consultandi
1310 2002 1448 2052 spatio,
1497 2001 1660 2052 quando

267 2082 398 2121 neque
431 2067 562 2107 subire
596 2065 853 2107 condiciones
885 2073 1012 2105 metus
1050 2065 1169 2105 futuri
1202 2079 1331 2117 neque
1364 2066 1495 2118 palam
1532 2077 1660 2115 asper-

266 2135 350 2174 nari
378 2131 562 2172 condicio
592 2144 777 2183 praesens
807 2130 971 2177 sinebat,
997 2130 1039 2169 in
1061 2131 1171 2172 hunc
1198 2131 1365 2170 modum
1393 2129 1658 2180 respondent:

262 2247 285 2278 9
307 2239 510 2274 auctumque
527 2233 576 2274 M,
595 2243 673 2265 corr.
691 2231 752 2263 M1
888 2242 929 2264 10
951 2232 1007 2263 ubi
1024 2232 1087 2263 hos
1103 2230 1146 2263 M

307 2278 372 2320 64.
399 2288 418 2308 2
442 2275 767 2317 agrippieniensium
784 2274 827 2306 M
863 2292 865 2295 ·
934 2275 1090 2306 iuberent
1104 2275 1147 2306 M
1294 2275 1317 2306 6
1338 2273 1431 2315 liber}
1449 2273 1492 2305 Μ
1639 2283 1660 2313 7

263 2327 372 2355 terras
391 2320 466 2353 dett.
482 2323 513 2351 et
525 2320 627 2361 vulgo
776 2328 811 2348 11
837 2318 882 2349 sit
898 2318 940 2349 al.
1098 2328 1136 2349 12
1159 2327 1241 2350 vera
1256 2316 1300 2351 M
1450 2326 1489 2356 17
1512 2320 1548 2348 ut
1562 2315 1658 2349 licuit

263 2365 344 2397 olim
364 2364 398 2396 A
404 2363 541 2395 ndresen
677 2362 715 2392 18
738 2360 863 2435 omnifls)
890 2361 1044 2392 omnibus
1065 2360 1211 2402 Spengel
1341 2369 1382 2402 19
1402 2359 1590 2391 institutam
1606 2357 1656 2401 M,

263 2418 344 2441 corr.
364 2406 406 2440 M
409 2404 422 2429 ¹
556 2412 598 2437 22
621 2402 714 2445 aliis]
730 2402 803 2435 avis
