1748 2826
453 134 863 177 HISTORIARVM
895 136 1068 174 LIBER
1099 137 1142 175 II
1456 139 1566 186 1114

89 255 266 303 adactae,
298 253 468 293 classem
494 250 670 292 Othonis
699 248 843 300 trepidi
882 248 1012 290 nuntii
1051 249 1178 290 Fabio
1206 249 1367 290 Valenti
1401 257 1499 289 attu-

89 320 198 370 lere3
222 318 389 359 aderant
407 315 526 369 legati
553 314 802 356 coloniarum
830 314 1022 354 auxilium
1043 321 1216 355 orantes.
1272 316 1374 356 duas
1389 315 1499 356 Tun-

87 396 246 436 grorum
277 381 465 431 cohortis,
499 387 689 434 quattuor
718 380 900 432 equitum
939 387 1101 429 turmas,
1142 380 1367 420 universam
1405 383 1500 421 Tre-

88 447 261 490 virorum
297 449 402 488 alam
436 460 530 487 cum
561 445 667 487 Iulio
701 445 881 487 Classico
914 446 1116 497 praefecto
1147 445 1266 494 misit,
1299 459 1321 486 e
1353 445 1498 498 quibus
1520 458 1537 490 5

88 525 177 567 pars
206 512 248 552 in
281 511 441 553 colonia
475 510 740 552 Foroiuliensi
771 517 938 560 retenta,
976 524 1028 551 ne
1066 510 1255 551 omnibus
1291 511 1419 563 copiis
1457 511 1500 551 in

87 585 267 619 terrestre
305 577 378 619 iter
410 577 531 619 versis
565 590 694 617 vacuo
732 578 832 617 mari
864 576 999 617 classis
1037 578 1291 617 adceleraret.
1348 578 1500 618 duode-

87 645 166 685 cim
196 643 379 696 equitum
409 649 564 685 turmae
598 649 637 683 et
667 642 761 682 lecti
790 656 814 683 e
847 642 1079 682 cohortibus
1117 644 1306 682 adversus
1339 643 1499 683 hostem

86 711 178 760 iere,
196 709 356 762 'quibus
383 708 576 749 adiuncta
615 707 807 760 Ligurum
847 709 1002 757 cohors,
1036 715 1149 748 vetus
1183 708 1261 748 loci
1292 708 1499 759 auxilium,

85 783 128 819 et
151 773 364 830 quingenti
389 773 602 823 Pannonii,
631 775 817 815 nondum
845 774 921 814 sub
951 773 1084 825 signis.
1144 787 1219 814 nec
1245 787 1360 814 mora
1386 787 1500 826 proe-
1520 791 1561 815 10

86 841 163 884 lio:
199 841 276 883 sed
301 838 411 882 acies
448 838 505 880 ita
541 839 734 881 instructa
765 847 810 880 ut
844 852 933 891 pars
969 839 1223 878 classicorum
1262 839 1394 879 mixtis
1431 854 1498 893 pa-

85 907 198 960 ganis
236 905 279 947 in
313 905 429 946 collis
467 904 566 945 mari
610 904 859 956 propinquos
904 912 1119 956 exurgeret,
1160 912 1356 956 quantum
1395 906 1498 946 inter

86 971 199 1013 collis
226 985 275 1013 ac
300 970 398 1012 litus
421 969 543 1022 aequi
570 970 649 1011 loci
679 970 950 1021 praetorianus
979 969 1094 1010 miles
1122 971 1308 1021 expleret,
1336 970 1380 1010 in
1409 971 1497 1022 ipso

86 1037 186 1079 mari
213 1044 259 1078 ut
284 1037 442 1078 adnexa
470 1035 606 1077 classis
637 1043 677 1077 et
707 1049 865 1088 pugnae
898 1042 1034 1088 parata
1064 1048 1256 1087 conversa
1284 1042 1323 1076 et
1350 1035 1498 1076 minaci

86 1104 216 1145 fronte
243 1102 591 1156 praetenderetur:
624 1100 841 1150 Vitelliani,
878 1100 1024 1153 quibus
1052 1100 1184 1141 minor
1211 1100 1395 1153 pediturn
1424 1101 1495 1151 vis,
1520 1120 1558 1153 15

86 1169 128 1210 in
158 1167 295 1221 equite
321 1167 454 1217 robur,
486 1166 658 1220 Alpinos
688 1165 880 1219 proximis
920 1165 1031 1218 iugis,
1070 1165 1245 1206 cohortis
1275 1166 1411 1207 densis
1439 1181 1498 1208 or-

86 1233 248 1277 dinibus
270 1240 362 1286 post
388 1232 564 1285 equitem
587 1233 732 1272 locant.
792 1230 1047 1272 Trevirorum
1074 1238 1227 1271 turmae
1253 1231 1434 1273 obtulere
1455 1247 1498 1273 se

85 1297 191 1340 hosti
218 1297 392 1349 incaute,
419 1310 513 1338 cum
542 1296 741 1349 exciperet
769 1302 909 1336 contra
936 1303 1147 1337 veteranus
1175 1297 1299 1347 miles,
1332 1297 1450 1338 simul
1473 1312 1498 1339 a

85 1365 208 1406 latere
245 1362 348 1404 saxis
385 1369 541 1418 urgeret
577 1369 672 1415 apta
715 1362 770 1403 ad
813 1361 1041 1402 iaciendum
1084 1361 1204 1402 etiam
1250 1376 1496 1415 paganorum

85 1442 239 1480 manus,
276 1427 346 1481 qui
377 1427 500 1481 sparsi
530 1427 634 1468 inter
667 1426 824 1476 milites,
858 1427 1009 1467 strenui
1042 1425 1264 1479 ignavique,
1301 1427 1344 1468 in
1376 1428 1498 1469 victo—
1520 1446 1560 1468 20

84 1494 142 1535 ria
165 1493 274 1535 idem
303 1493 519 1534 audebant.
573 1492 738 1534 additus
765 1491 956 1544 perculsis
985 1499 1109 1533 terror
1137 1492 1293 1533 invecta
1321 1493 1363 1533 in
1390 1501 1498 1546 terga

85 1558 348 1614 pugnantium
374 1560 523 1600 classe:
553 1558 609 1598 ita
636 1557 817 1609 undique
846 1557 983 1607 clausi,
1004 1558 1241 1609 deletaeque
1266 1571 1408 1599 omnes
1423 1555 1497 1599 'co-

84 1624 175 1677 piae
204 1625 335 1665 forent
367 1623 409 1664 ni
443 1623 635 1664 victorem
674 1622 890 1664 exercitum
919 1622 1144 1664 attinuisset
1173 1623 1389 1666 obscurum
1429 1638 1497 1664 no-

85 1690 170 1742 ctis,
201 1689 385 1731 obtentui
413 1689 669 1741 fugientibus.

247 1756 336 1797 Nec
366 1754 570 1795 Vitelliani
608 1768 853 1807 quamquam
882 1753 976 1795 victi
1010 1753 1219 1806 quievere:
1266 1755 1402 1796 accitis
1431 1770 1496 1796 au·
1514 1767 1557 1806 15

83 1821 186 1863 xiliis
213 1833 398 1862 securum
426 1822 584 1861 hostem
613 1834 661 1860 ac
691 1834 878 1860 successu
906 1833 1037 1860 rerum
1074 1819 1280 1860 socordius
1310 1829 1496 1872 agentern

84 1887 289 1930 invadunt.
367 1885 472 1927 caesi
510 1885 658 1939 vigiles,
699 1893 885 1939 perrupta
929 1892 1067 1933 castra,
1108 1885 1348 1938 trepidatum
1386 1889 1496 1939 apud

83 1953 207 2004 navis,
247 1954 379 1994 donec
412 1951 570 1993 sidente
608 1951 799 2005 paulatim
839 1958 962 2001 metu,
1001 1958 1199 2003 occupato
1237 1951 1346 1991 iuxta
1392 1954 1495 1993 colle

84 2017 250 2067 defensi,
283 2030 377 2058 mox
407 2017 601 2070 inrupere.
658 2024 772 2069 ,atrox
799 2016 854 2057 ibi
886 2017 1042 2064 caedes,
1076 2023 1115 2056 et
1149 2018 1400 2068 Tungrarum
1431 2032 1496 2059 co-
1515 2033 1533 2064 5

128 2128 182 2163 14.
212 2132 227 2153 1
253 2122 396 2154 audacta
412 2121 484 2154 eM
570 2133 591 2162 4
614 2121 775 2154 universa
787 2122 874 2154 mire
886 2122 1037 2154 virorum
1048 2120 1091 2152 M
1179 2130 1219 2153 10
1242 2122 1439 2162 quingentis
1455 2123 1499 2155 M

88 2174 125 2198 11
143 2164 224 2207 sed]
241 2170 276 2198 et
297 2165 426 2198 Thomu
442 2176 450 2197 τ
474 2170 527 2198 est
539 2165 649 2197 Halm
734 2170 813 2208 post
826 2166 888 2198 sed
899 2165 1029 2200 addidit
1037 2165 1079 2198 ab
1096 2164 1301 2198 Othonianis
1312 2166 1496 2209 Nipperdey

84 2209 178 2242 acies
193 2208 362 2252 Ruperti:
383 2209 457 2242 acie
475 2207 524 2251 M,
545 2209 736 2252 thperdey,
756 2209 867 2242 Halm
999 2209 1133 2251 paginis
1156 2209 1200 2240 M
1332 2220 1371 2251 13
1396 2221 1496 2252 prae-

84 2253 238 2304 torianus
255 2258 291 2286 et
307 2253 458 2286 urbanus
475 2252 668 2304 Nipperdey,
688 2253 755 2286 coll.
779 2263 806 2295 1,
828 2255 870 2295 87
1029 2262 1067 2294 17
1092 2253 1244 2294 quietem
1261 2252 1305 2285 M
1450 2266 1495 2295 23

84 2297 227 2416 ἓξὲξ-Ἰ
239 2296 618 2428 ἕᾱεέἑεωῗῖὒῖδιεῃω
636 2297 679 2382 l15!
697 2351 778 2374 mox
793 2341 863 2375 secl.
883 2341 1001 2375 Nova'k
1089 2341 1336 2382 Tungricarum
1357 2341 1495 2375 Rittera

115 2394 302 2425 ungrorum
369 2394 448 2428 enge

127 2449 203 2473 ‘mc-
222 2450 312 2474 ms‘r.
1385 2442 1406 2472 6
