1748 2826
486 135 894 175 HISTORIARVM
924 135 1099 174 LIBER
1129 136 1147 173 I
1499 137 1517 173 I
1540 149 1586 187 51

110 247 204 288 ratis
229 246 430 298 utrimque
453 244 750 296 corruptoribus
771 251 810 282 et
836 243 1002 294 perfidia
1028 243 1235 295 impunita.
1295 243 1378 292 viri,
1398 257 1520 291 arma,

108 312 203 365 equi
227 313 280 354 ad
306 326 424 353 usum
450 318 490 351 et
515 311 568 350 ad
594 311 717 350 decus
745 317 985 360 supererant.
1044 310 1116 349 sed
1140 316 1233 348 ante
1260 310 1410 349 bellum
1431 323 1521 348 cen-

109 377 230 418 turias
255 384 412 417 tantum
439 390 530 416 suas
550 383 780 426 turmasque
805 382 1023 423 noverant3
1052 374 1246 415 exercitus
1267 374 1414 414 finibus
1434 389 1521 426 pro·
1544 390 1582 413 ιο

108 443 328 485 vinciarum
355 442 707 484 discernebantur:
738 447 822 479 tum
847 442 1036 480 adversus
1057 440 1272 481 Vindicem
1293 448 1521 480 contractae

109 508 297 561 legiones,
337 522 462 561 seque
499 515 539 548 et
577 505 727 547 Gallias
767 488 961 556 e'xpertae,
1003 520 1192 557 quaerere
1237 520 1369 546 rursus
1411 520 1522 546 arma

109 588 315 626 novasque
343 574 589 623 discordias;
627 585 703 611 nee
737 571 879 620 socios,
910 579 953 610 ut
987 571 1093 619 olim,
1132 574 1203 612 sed
1237 573 1362 612 hostis
1397 579 1436 612 et
1469 572 1522 611 vi-

110 647 197 682 ctos
227 641 444 681 vocabant.
502 651 579 679 nec
615 638 753 678 deerat
790 649 880 689 pars
919 635 1150 685 Galliarum,
1192 650 1295 688 quae
1330 638 1521 676 Rhenum

109 705 265 754 accolit,
306 706 468 746 easdem
510 702 631 756 partis
676 708 814 743 secuta
854 715 903 742 ac
945 708 1031 741 tum
1073 701 1263 741 acerrima
1305 701 1523 753 instigatrix
1548 716 1582 748 ¹5

109 772 322 812 adversum
342 769 563 812 Galbianos
577 784 589 820 ;
621 770 700 808 hoc
720 766 829 808 enirn
855 781 1005 807 nomen
1033 766 1210 807 fastidito
1230 767 1403 808 Vindice
1424 766 1522 807 indi-

109 837 262 879 derant.
320 836 438 888 igitur
465 835 661 888 Sequanis
690 834 926 885 Aeduisque
954 847 1001 873 ac
1030 833 1189 882 deinde,
1216 841 1334 885 prout
1360 835 1523 886 opulen-

110 903 167 944 tia
193 902 419 943 civitatibus
453 910 546 951 erat,
578 902 722 943 infensi
752 902 1068 955 expugnationes
1098 903 1269 951 urbium,
1301 903 1524 955 populatio-

111 981 184 1007 nes
211 981 406 1019 agrorum,
436 974 571 1019 raptus
599 968 806 1019 penatium
836 969 1053 1008 hauserunt
1081 968 1229 1019 animo,
1258 982 1376 1020 super
1405 968 1524 1008 avari-

112 1033 209 1074 tiam
237 1040 278 1073 et
305 1033 592 1085 adrogantiam,
622 1034 835 1085 praecipua
863 1034 1100 1074 validiorum
1130 1033 1235 1082 vitia,
1271 1035 1526 1074 contumacia
1546 1047 1588 1070 20

113 1099 321 1141 Gallorum
350 1098 508 1147 inritati,
539 1098 609 1150 qui
643 1099 846 1139 remissam
878 1098 954 1139 sibi
982 1113 1006 1138 a
1036 1099 1167 1139 Galba
1195 1107 1376 1151 quartam
1406 1099 1526 1139 tribu-

113 1171 245 1205 torum
283 1171 437 1216 partem
475 1171 516 1204 et
552 1164 714 1216 publice
753 1166 924 1205 donatos
963 1164 1004 1204 in
1039 1164 1300 1216 ignominiam
1332 1165 1525 1205 exercitus

111 1229 325 1270 iactabant.
382 1228 552 1270 accessit
580 1227 723 1270 callide
752 1231 967 1281 vulgatum,
1005 1237 1154 1270 temere
1184 1231 1392 1279 creditum,
1422 1232 1526 1271 deci-

113 1293 212 1336 mari
243 1293 423 1348 legiones
455 1302 496 1335 et
533 1294 876 1347 promptissimum
916 1309 1120 1347 quemque
1153 1295 1435 1336 centurionum
1470 1296 1526 1337 di-

105 1359 228 1400 mitti.
288 1359 470 1413 undique
495 1368 650 1401 atroces
677 1355 818 1409 nuntii,
841 1360 998 1401 sinistra
1021 1375 1069 1401 ex
1092 1362 1191 1402 urbe
1211 1363 1343 1411 fama3
1371 1363 1526 1402 infensa
1548 1377 1563 1400 2
1571 1377 1588 1408 5

114 1425 396 1477 Lugdunensis
433 1426 593 1466 colonia
630 1433 670 1466 et
709 1426 901 1478 pertinaci
935 1439 1007 1478 pro
1043 1428 1206 1467 Nerone
1240 1428 1320 1467 fide
1354 1428 1527 1467 fecunda

112 1489 338 1531 rumoribus
353 1505 365 1541 ;
394 1492 466 1532 sed
496 1491 667 1543 plurima
697 1493 750 1532 ad
782 1492 1015 1543 fingendum
1046 1493 1375 1544 credendumque
1406 1500 1527 1532 mate-

111 1555 189 1596 ries
226 1555 268 1596 in
305 1555 402 1609 ipsis
438 1557 587 1611 castris,
624 1556 721 1598 odio
760 1564 870 1597 metu
909 1564 959 1605 et,
997 1556 1067 1597 ubi
1101 1556 1191 1597 viris
1225 1570 1316 1597 suas
1350 1571 1527 1609 respexe-

114 1628 213 1671 rant,
235 1621 457 1664 securitate.

275 1685 361 1729 Sub
385 1687 508 1746 Q
528 1689 741 1741 superioris
774 1688 871 1729 anni
900 1689 1092 1729 kalendas
1128 1688 1365 1728 Decembris
1399 1690 1527 1729 Aulus
1546 1698 1598 1739 52

113 1752 299 1794 Vitellius
333 1752 560 1796 inferiorem
595 1754 855 1796 Germaniam
888 1754 1086 1805 ingressus
1119 1753 1286 1794 hiberna
1324 1754 1527 1806 legionum

114 1831 207 1858 cum
237 1832 332 1860 cura
361 1819 536 1862 adierat:
566 1821 712 1862 redditi
738 1821 938 1873 plerisque
968 1819 1140 1867 ordines,
1171 1819 1335 1859 remissa
1363 1819 1529 1871 ignomi-

118 1885 196 1934 nia,
225 1886 435 1927 adlevatae
461 1894 581 1928 notae
595 1902 607 1937 3
644 1889 758 1939 plura
791 1884 1024 1934 ambitione,
1057 1885 1255 1936 quaedam
1290 1884 1451 1934 iudicio,
1487 1885 1528 1924 in

117 1949 264 2002 quibus
293 1951 422 1993 sordis
451 1960 490 1993 et
519 1952 723 1993 avaritiam
754 1951 898 1991 Fontei
930 1949 1138 2003 Capitonis
1167 1950 1394 1991 adimendis
1426 1951 1529 1992 adsi·
1546 1966 1565 2000 5

115 2014 335 2073 guandisve
363 2016 528 2058 militiae
553 2017 761 2058 ordinibus
786 2016 936 2068 integre
963 2022 1194 2056 mutaverat.
1253 2029 1328 2056 nec
1347 2018 1528 2056 consula-

115 2130 139 2162 9
162 2120 314 2154 dedecus
338 2120 386 2162 M,
412 2122 504 2164 quod
521 2123 615 2155 solus
638 2123 723 2154 inter
743 2123 929 2156 recenttbres
944 2122 1068 2166 probat
1090 2122 1211 2163 Ritter,
1228 2122 1266 2162 cf
1284 2132 1313 2153 c.
1330 2131 1374 2161 3ο
1488 2131 1524 2152 11

118 2169 314 2197 contractae
340 2165 550 2199 Rhenanus:
586 2167 780 2199 confractae
807 2167 851 2198 M
996 2177 1035 2197 12
1060 2176 1179 2198 rursus
1208 2165 1251 2196 M
1258 2165 1293 2196 1:
1328 2174 1460 2196 rursum
1489 2163 1530 2195 M

119 2217 159 2248 14
175 2217 243 2248 qua
261 2209 427 2241 herenum
437 2208 481 2241 M
570 2219 609 2251 15
625 2211 795 2242 acerrima
807 2210 856 2247 M,
873 2221 954 2243 corr.
967 2210 1009 2241 M
1016 2209 1029 2230 ¹
1123 2211 1163 2241 16
1180 2209 1352 2242 Galbanos
1370 2208 1525 2248 Wiiifflin,

115 2251 154 2327 g
168 2251 262 2329 8:32
277 2252 384 2328 lGnaIba
399 2263 420 2294 3
546 2263 586 2297 19
608 2255 795 2287 hauserant
810 2253 938 2295 Haase,
957 2254 1068 2286 Halm
1179 2255 1222 2285 26
1247 2252 1474 2294 lugdonensis
1490 2250 1531 2283 M

150 2305 220 2382 ega.
247 2349 264 2372 1
279 2340 355 2383 ipsa
371 2340 415 2372 M
576 2352 598 2381 4
621 2342 668 2374 sic
687 2341 839 2374 distinxit
858 2341 1002 2375 Mic'ller:
1031 2345 1145 2381 notae,
1166 2340 1263 2381 plura
1281 2340 1343 2373 alii
1509 2349 1529 2379 5

117 2383 236 2416 sordes
261 2383 463 2418 Aa‘dalius:
499 2386 602 2418 sorde
628 2384 692 2418 M:
730 2386 867 2418 sordem
894 2385 967 2418 dett.
1060 2384 1254 2417 adimendis
1270 2407 1278 2417 .
1299 2407 1307 2417 .
1326 2406 1334 2416 .
1353 2384 1528 2416 ordinibus

116 2424 248 2459 mlum
259 2425 442 2471 Nipperdey
