1748 2826
184 148 221 185 v
240 157 282 196 17
301 133 303 135 ’
676 149 953 188 CORNELII
982 149 1178 189 TACITI

241 259 395 301 omissis
422 260 510 301 telis
536 261 682 312 praeda
711 273 851 300 manus
880 260 1126 312 impediunt:
1159 260 1230 300 sed
1264 266 1406 299 cuncta
1434 272 1527 300 mox
1548 271 1635 312 pro·

240 339 353 378 spera
382 333 422 366 et
452 327 556 366 hosti
587 326 781 365 contraria
806 326 993 366 evenisse.
1052 338 1154 376 quae
1182 323 1378 376 provideri
1405 331 1492 364 astu
1520 322 1634 365 ducis

240 393 466 443 oportuerit,
495 390 724 443 providisse,
750 403 914 442 campos
940 389 1137 430 madentis
1160 397 1200 430 et
1225 389 1320 441 ipsis
1345 401 1498 440 gnaros,
1528 389 1636 441 palu-

180 470 218 493 10
240 458 312 496 des
344 456 526 497 hostibus
556 455 705 497 noxias.
765 457 955 495 Rhenum
985 461 1025 495 et
1058 453 1297 494 Germaniae
1324 455 1423 494 deos
1454 453 1496 495 in
1523 465 1636 504 aspe-

241 530 329 562 ctu:
364 535 534 574 quorum
564 522 730 562 numine
763 527 1012 572 capesserent
1040 532 1225 572 pugnam,
1256 518 1470 570 coniugum
1498 531 1636 571 paren-

241 596 325 627 tum
356 589 503 639 patriae
534 599 753 626 memores:
794 586 904 625 illum
942 584 1049 624 diem
1079 591 1146 623 aut
1179 582 1504 635 gloriosissimum
1532 581 1635 626 inter

240 652 407 692 maiores
432 660 500 691 aut
523 650 831 703 ignominiosum
859 651 968 701 apud
996 656 1174 701 posteros
1203 649 1297 689 fore.
1353 647 1424 688 ubi
1451 661 1552 689 sono
1577 660 1635 688 ar-

240 731 394 757 morum
426 716 686 767 tripudiisque
721 715 793 767 (ita
821 714 896 754 illis
925 713 1030 767 mos)
1059 707 1278 764 adprobata
1306 719 1399 753 sunt
1430 711 1548 763 dicta,
1577 725 1638 764 sa<

181 796 220 830 ¹5
240 781 297 820 xis
325 781 617 833 glandibusque
646 788 685 820 et
713 779 852 821 ceteris
886 778 1099 819 missilibus
1128 777 1321 830 proelium
1349 776 1548 829 incipitur,
1569 789 1635 818 ne-

240 860 319 898 que
350 854 486 886 nostro
521 845 645 885 milite
678 846 867 896 paludem
896 842 1142 895 ingrediente
1174 849 1214 883 et
1243 841 1465 892 Germanis,
1497 849 1540 883 ut
1570 840 1635 883 eli-

240 920 384 959 cerent,
407 911 704 951 lacessentibus.

175 983 219 1023 18
402 975 636 1027 Absumptis
674 988 777 1027 quae
807 974 1001 1014 iaciuntur
1038 981 1077 1014 et
1114 973 1345 1013 ardescente
1381 985 1514 1024 pugna
1549 984 1636 1024 pro-

241 1055 400 1081 cursum
424 1042 477 1081 ab
503 1042 620 1081 hoste
649 1039 853 1081 infestius:
891 1038 1095 1079 immensis
1123 1037 1355 1089 corporibus
1387 1044 1427 1078 et
1459 1036 1636 1088 praelon-

240 1106 299 1158 gis
328 1105 449 1145 hastis
475 1105 696 1145 fluitantem
722 1105 1004 1155 labantemque
1032 1102 1198 1143 militem
1223 1101 1379 1142 eminus
1406 1100 1611 1142 fodiebant
1624 1115 1636 1151 3

241 1171 358 1211 simul
378 1184 401 1210 e
426 1172 542 1219 mole,
571 1183 691 1222 quam
719 1170 906 1210 eductam
931 1169 972 1208 in
999 1168 1187 1207 Rhenum
1215 1165 1446 1214 rettulimus,
1478 1166 1638 1205 Bructe-

203 1255 221 1288 5
242 1250 373 1275 rorum
395 1249 544 1275 cuneus
565 1233 831 1274 transnatavit.
890 1233 1046 1273 turbata
1065 1231 1120 1271 ibi
1140 1245 1200 1271 res
1221 1238 1260 1271 et
1279 1230 1498 1282 pellebatur
1516 1229 1638 1270 socia-

242 1315 329 1340 rum
368 1301 591 1343 cohortium
624 1298 739 1347 acies,
780 1312 873 1338 cum
903 1297 1078 1349 legiones
1111 1309 1283 1348 pugnam
1317 1293 1516 1346 excipiunt
1548 1307 1637 1346 sup—

242 1379 455 1417 pressaque
497 1365 671 1404 hostium
703 1365 859 1404 'ferocia
896 1361 1090 1414 proelium
1127 1367 1329 1411 aequatur.
1397 1359 1498 1400 inter
1534 1373 1637 1412 quae

243 1431 404 1482 perfuga
435 1431 606 1468 Batavus
638 1427 736 1468 adiit
765 1427 971 1474 Cerialem,
1002 1434 1110 1477 terga
1136 1425 1310 1465 hostium
1329 1427 1574 1478 promittens,
1604 1428 1636 1466 si

244 1502 421 1535 extremo
445 1495 601 1546 paludis
626 1505 748 1544 eques
779 1492 1021 1532 mitteretur:
1056 1490 1227 1531 solidum
1258 1491 1324 1530 illa
1351 1498 1390 1532 et
1419 1493 1634 1544 Cugernos,

186 1580 226 1604 10
245 1559 390 1610 quibus
412 1558 593 1598 custodia
621 1557 858 1606 obvenisset,
889 1570 1029 1609 parum
1057 1556 1244 1597 intentos.
1301 1557 1404 1598 duae
1431 1559 1517 1598 alae
1545 1570 1638 1597 cum

245 1626 407 1676 perfuga
432 1623 573 1662 missae
593 1622 755 1663 incauto
776 1623 879 1663 hosti
903 1622 1282 1662 circumfunduntur.
1341 1624 1452 1673 quod
1475 1622 1544 1662 ubi
1565 1624 1639 1663 cla-

245 1703 355 1729 more
396 1688 609 1740 cognitum,
642 1687 818 1740 legiones
845 1702 870 1728 a
902 1690 1030 1728 fronte
1072 1687 1298 1737 incubuere,
1330 1689 1514 1740 pulsique
1545 1689 1639 1729 Ger-

245 1754 352 1793 mani
374 1755 562 1792 Rhenum
582 1753 673 1804 fuga
692 1753 893 1804 petebant.
951 1753 1194 1793 debellatum
1214 1766 1263 1793 eo
1289 1751 1355 1793 die
1374 1754 1484 1801 foret,
1506 1751 1540 1793 si
1560 1755 1639 1793 Ro-

246 1832 366 1858 mana
391 1817 525 1857 classis
552 1817 663 1868 sequi
693 1825 950 1858 maturasset:
985 1832 1036 1858 ne
1064 1831 1186 1869 eques
1215 1817 1378 1869 quidem
1403 1817 1553 1866 institit,
1585 1831 1640 1857 re·

188 1908 226 1941 15
247 1891 365 1936 pente
384 1884 479 1922 fusis
499 1882 691 1922 imbribus
713 1890 751 1922 et
771 1883 993 1934 propinqua
1012 1891 1140 1923 nocte.

182 1967 231 2007 19
410 1950 573 1987 Postera
612 1948 676 1987 die
715 1947 1009 1999 quartadecima
1048 1948 1150 2000 legio
1187 1948 1229 1987 in
1271 1946 1512 2000 superiorem
1555 1961 1641 1999 pro·

248 2056 268 2085 8
292 2052 460 2084 contrarie
480 2052 616 2084 venisse
633 2052 675 2083 M
677 2051 690 2072 ²
821 2062 842 2093 9
865 2053 1000 2093 previse
1019 2051 1075 2083 M²
1091 2052 1127 2083 in
1143 2061 1272 2091 rasura,
1292 2050 1351 2083 litt.
1370 2061 1402 2091 p,
1424 2050 1516 2091 quod
1523 2050 1644 2083 Meu'ser

248 2099 422 2135 memorat,
434 2095 506 2135 suit
525 2096 684 2137 primitus
701 2095 843 2127 caudata
869 2107 913 2128 sc.
938 2106 1018 2136 pro:
1043 2096 1138 2135 pvise
1161 2095 1197 2126 in
1221 2094 1371 2134 margine
1393 2094 1471 2126 M2:
1505 2095 1641 2136 provisa

249 2138 406 2181 Agricola
538 2139 677 2179 paludes
692 2139 762 2171 secl.
780 2139 930 2171 Eussner
1082 2149 1123 2170 10
1146 2138 1266 2169 noxios
1282 2136 1434 2169 Eussner
1522 2154 1524 2157 .
1600 2148 1637 2170 11

250 2187 446 2223 capesceret
463 2182 519 2213 M2
634 2192 672 2213 12
697 2183 731 2214 in
747 2183 893 2214 maiores
908 2181 1087 2224 Nipperdey
1178 2191 1215 2221 14
1239 2180 1328 2222 mos]
1347 2191 1426 2212 mox
1438 2179 1497 2212 M2
1603 2191 1641 2221 15

252 2226 410 2257 missibus
427 2224 495 2265 M2,
516 2236 593 2258 corr.
619 2225 730 2257 eadem
758 2236 884 2257 manus
1017 2227 1057 2257 16
1079 2224 1247 2256 illicerent
1270 2223 1469 2256 Herwerdm
1603 2234 1642 2265 17

251 2269 496 2301 lacescentibus
513 2268 570 2299 M²

296 2312 347 2345 18.
378 2322 392 2343 1
418 2312 671 2352 absumptisque
688 2311 745 2342 Μ2
897 2322 917 2351 3
943 2311 1036 2354 lastis
1051 2311 1108 2342 Μ2
1261 2320 1281 2350 5
1305 2309 1503 2342 stranatavit
1517 2309 1586 2347 Mss,
1606 2310 1643 2341 in

254 2355 405 2396 margine
430 2366 489 2388 scr.
517 2359 612 2386 trans
637 2354 716 2386 M¹:
750 2356 931 2387 tranatavit
958 2354 1057 2396 vulgo
1210 2363 1228 2394 7
1253 2354 1411 2394 interque
1435 2352 1493 2385 M²
1621 2354 1644 2385 8

255 2400 399 2430 batanus
419 2398 471 2429 Μ’
601 2408 622 2438 9
645 2398 873 2429 inmitteretur
887 2398 996 2430 Halm
1085 2407 1257 2438 gugervos
1275 2396 1332 2428 M²
