1748 2826
454 133 861 176 HISTORIARVM
893 136 1066 174 LIBER
1095 135 1139 174 II
1456 134 1497 171 II
1517 142 1571 180 30

90 249 298 301 pauciores
345 247 506 299 integris
553 248 730 287 hostium
769 246 917 287 viribus
965 246 1244 298 querebantur,
1295 246 1413 285 simul
1457 247 1499 285 in

90 327 204 355 suam
231 313 530 356 excusationem
564 319 603 353 et
636 311 941 352 adventantium
971 311 1092 352 robur
1122 325 1193 364 per
1224 311 1499 352 adulationem

89 380 327 429 attollentes,
366 393 419 420 ne
453 386 497 419 ut
531 378 623 418 victi
655 385 694 418 et
724 377 856 430 ignavi
895 378 1234 430 despectarentur.
1292 385 1330 418 et
1365 391 1501 429 quarn-

88 457 210 498 quam
239 447 329 498 plus
357 443 510 492 virium,
542 457 666 496 prope
695 444 922 496 duplicatus
951 442 1154 495 legionum
1183 443 1500 495 auxiliorumque
1522 460 1563 484 10

89 524 278 552 numerus
297 517 381 552 erat
400 509 573 559 Valenti,
596 508 728 550 studia
755 516 891 550 tamen
922 508 1092 549 militurn
1123 508 1163 548 in
1196 509 1414 551 Caecinam
1445 510 1499 550 in-

87 576 301 626 clinabant,
333 589 452 632 super
480 575 767 628 benignitatem
798 574 933 624 animi,
966 588 1045 627 qua
1076 575 1296 627 promptior
1330 576 1501 616 habeba-

88 649 163 693 tur,
206 634 330 684 e't'iam
365 641 503 696 vigore
545 641 699 691 aetatis,
738 640 975 693 proceritate
1016 640 1194 693 corporis
1237 648 1277 681 et
1322 641 1499 692 quodam

88 707 198 750 inani
226 707 372 751 fa'vore.
431 707 527 749 hinc
557 706 773 748 aemulatio
805 706 1004 747 ducibus:
1047 706 1224 748 Caecina
1256 714 1300 746 ut
1334 707 1498 747 foedum

87 788 136 816 ac
163 777 427 825 maculosum,
456 773 526 816 ille
557 781 603 814 ut
633 773 833 814 tumidum
871 786 919 812 ac
947 786 1095 813 vanum
1130 772 1367 812 inridebant.
1428 773 1499 812 sed
1522 787 1560 820 15

88 840 255 883 condito
279 840 380 883 odio
407 841 582 882 eandem
610 838 821 880 utilitatem
850 840 995 887 fovere,
1027 838 1174 879 crebris
1204 838 1382 890 epistulis
1414 837 1501 878 sine

88 914 271 959 respectu
299 906 440 948 veniae
474 906 621 959 probra
655 904 809 947 Othoni
842 904 1106 955 obiectantes,
1137 918 1229 945 cum
1261 906 1386 944 duces
1416 918 1501 956 par-

88 971 190 1013 tium
227 972 402 1014 Othonis
440 970 623 1024 quamvis
661 970 861 1011 uberrima
898 970 1171 1012 conviciorum
1210 970 1252 1010 in
1291 970 1500 1010 Vitellium

89 1037 255 1079 materia
282 1037 539 1079 abstinerent.

253 1103 359 1144 Sane
406 1110 500 1143 ante
549 1102 757 1155 utriusque
804 1102 964 1151 exitum,
1015 1116 1096 1154 quo
1144 1102 1341 1155 egregiam
1389 1103 1501 1143 Otho
1520 1114 1566 1153 31

90 1168 248 1217 famam,
296 1167 481 1209 Vitellius
528 1168 875 1220 flagitiosissimam
931 1182 1119 1216 meruere,
1171 1169 1303 1208 minus
1350 1168 1501 1208 Vitellii

90 1232 256 1286 ignavae
292 1235 518 1286 voluptates
556 1246 678 1285 quam
718 1233 892 1274 Othonis
941 1234 1266 1285 flagrantissimae
1314 1233 1501 1275 libidines

89 1297 356 1340 timebantur:
382 1299 592 1341 addiderat
618 1298 713 1339 huic
733 1306 922 1339 terrorem
944 1307 1065 1351 atque
1086 1300 1224 1340 odium
1246 1301 1391 1341 caedes
1412 1302 1502 1341 Gal-

89 1364 177 1415 bae,
203 1372 344 1407 contra
370 1364 427 1405 illi
446 1364 604 1405 initium
629 1364 723 1405 belli
752 1378 874 1405 nemo
903 1364 1140 1417 imputabat.
1198 1366 1382 1407 Vitellius
1411 1380 1503 1406 ven·
1521 1378 1540 1411 5

89 1437 148 1472 tre
184 1438 226 1473 et
262 1433 355 1484 gula
383 1430 459 1472 sibi
488 1431 736 1481 inhonestus,
768 1432 879 1473 Otho
909 1433 1003 1471 luxu
1038 1432 1200 1473 saevitia
1239 1432 1409 1473 audacia
1446 1433 1502 1473 rei

89 1496 275 1550 publicae
294 1497 495 1538 exitiosior
514 1497 748 1538 ducebatur.

143 1563 383 1606 Coniunctis
413 1563 615 1605 Caecinae
647 1577 695 1603 ac
726 1562 907 1603 Valentis
942 1563 1068 1616 copiis
1102 1567 1212 1605 nulla
1243 1567 1343 1606 ultra
1378 1579 1502 1616 penes

88 1627 326 1670 Vitellianos
355 1642 467 1670 mora
495 1628 593 1681 quin
624 1628 718 1670 totis
751 1628 900 1669 viribus
934 1637 1156 1671 certarent:
1206 1632 1317 1673 Otho
1347 1634 1503 1673 consul—

72 1690 187 1736 'tavit
206 1695 308 1736 trahi
328 1696 479 1736 bellurn
500 1708 552 1735 an
571 1696 773 1735 fortunam
794 1694 960 1747 experiri
981 1697 1165 1747 placeret.
1525 1703 1565 1725 10

253 1763 371 1802 Tunc
410 1760 626 1802 Suetonius
665 1761 856 1801 Paulinus
899 1761 1065 1814 dignum
1112 1763 1219 1802 fama
1263 1776 1335 1804 sua
1381 1771 1500 1812 ratus,
1523 1774 1575 1812 32

88 1841 169 1880 qua
191 1840 314 1869 nemo
337 1826 406 1867 illa
431 1834 669 1880 tempestate
694 1826 874 1867 militaris
899 1826 956 1867 rei
981 1826 1163 1868 callidior
1189 1828 1424 1877 habebatur,
1451 1831 1503 1869 de

89 1901 176 1935 toto
211 1907 356 1947 genere
403 1892 498 1934 belli
544 1906 719 1941 censere,
768 1891 1063 1933 festinationem
1109 1893 1302 1943 hostibus,
1348 1907 1501 1935 moram

90 1958 185 2013 ipsis
222 1958 362 2000 utilem
403 1958 615 1999 disseruit:
659 1958 878 1999 exercitum
918 1958 1070 1998 Vitellii
1115 1959 1344 2002 universum
1386 1962 1504 2001 adve-

89 2024 210 2075 nisse,
237 2037 313 2065 nec
339 2025 510 2064 multum
539 2023 683 2064 virium
709 2037 735 2064 a
762 2030 887 2076 tergo,
917 2023 1109 2075 quoniam
1139 2025 1293 2066 Galliae
1323 2033 1504 2066 tumeant
1524 2037 1541 2069 5

89 2098 130 2132 et
161 2091 345 2132 deserere
378 2089 514 2129 Rheni
547 2089 674 2141 ripam
708 2087 926 2140 inrupturis
964 2096 1046 2129 tarn
1085 2088 1238 2131 infestis
1272 2091 1502 2131 nationibus

89 2169 174 2197 non
194 2156 424 2205 conducat;
453 2154 731 2196 Britannicum
760 2154 929 2196 militem
959 2155 1075 2196 hoste
1104 2164 1145 2196 et
1173 2156 1271 2196 mari
1298 2157 1502 2199 distineri:

134 2267 199 2303 3ο.
222 2261 244 2294 8
268 2264 304 2293 et
319 2258 382 2293 del.
399 2258 521 2292 Nova'k
653 2269 692 2291 12
715 2259 905 2293 habebatur
920 2258 965 2292 M
968 2259 980 2280 ¹
996 2271 1005 2293 :
1028 2260 1242 2293 habebantur
1257 2261 1300 2293 M

134 2310 186 2346 31.
209 2314 231 2346 3
253 2304 378 2346 ignave
399 2302 595 2346 voluptaltis
618 2303 669 2344 M,
694 2304 888 2346 voluptates
904 2303 963 2336 Ml
1172 2305 1438 2346 fraglantissime
1463 2305 1506 2338 M

89 2349 112 2382 ⁶
134 2348 336 2382 inhonestus
355 2346 540 2381 Victon'us:
563 2348 722 2381 inhostus
735 2348 785 2390 M,
804 2349 843 2390 ql
861 2348 909 2381 A.
926 2358 982 2381 xv.
1000 2358 1043 2390 25
1187 2359 1228 2382 ιο
1251 2351 1316 2383 trai
1332 2349 1374 2381 M

134 2399 191 2435 32.
211 2403 232 2426 a
254 2391 339 2436 qua]
356 2393 438 2435 quia
455 2391 531 2434 det„
548 2392 726 2426 Andresen
886 2403 904 2434 7
928 2393 1093 2426 destineri
1113 2393 1156 2425 M
