1748 2826
209 155 227 193 1
249 155 300 204 58
690 154 967 194 CORNELII
997 153 1193 194 TACITI

250 264 425 311 demum,
455 261 582 302 stratis
608 262 686 301 iarn
719 260 886 301 militum
921 261 1035 310 odiis,
1067 261 1252 301 dimissus
1286 268 1357 301 est.
1414 259 1570 301 interim
1598 267 1642 301 ut

250 327 450 379 piaculum
480 327 649 367 obicitur
678 325 856 366 centurio
885 326 1104 378 Crispinus.
1162 326 1353 377 sanguine
1376 325 1584 378 Capitonis
1605 337 1643 365 se

251 398 522 431 cruentaverat
556 405 684 443 eoque
717 399 755 431 et
789 391 1081 443 postulantibus
1115 391 1358 431 manifestior
1390 398 1430 431 et
1462 375 1692 444 punientiXJ

193 467 231 500 15
251 455 363 495 vilior
386 455 468 495 fuit.

177 529 232 568 59
414 519 538 559 Iulius
578 520 723 559 deinde
763 519 899 560 Civilis
936 519 1112 570 periculo
1151 527 1366 570 exemptus,
1406 526 1642 572 praepotens

251 583 352 623 inter
386 586 566 631 Batavos,
604 598 654 623 ne
685 583 879 634 supplicio
914 585 997 623 eius
1033 586 1145 642 feffl
1172 597 1268 634 gens
1301 583 1546 623 alienaretur.
1603 590 1644 624 et

252 655 363 687 erant
395 649 436 687 in
466 648 621 687 civitate
651 648 876 698 Lingonum
909 656 1000 687 octo
1035 651 1274 687 Batavorum
1307 649 1502 697 cohortes,
1532 661 1644 699 quar·

252 719 314 751 tae
348 712 527 751 decimae
557 711 721 763 legionis
754 712 906 760 auxilia,
943 719 1027 750 tum
1059 712 1257 752 discordia
1288 719 1511 763 temporum
1539 725 1564 750 a
1593 713 1644 751 le-

213 790 229 822 5
251 779 369 826 gione
398 778 605 827 digressae,
627 784 744 828 prout
773 777 1039 826 inclinassent,
1061 779 1208 828 grande
1239 785 1487 816 momentum
1513 776 1645 816 sociae

250 849 319 881 aut
351 843 549 882 adversae.
608 842 797 890 Nonium,
841 842 1070 890 Donatium‚
1113 842 1345 891 Romilium,
1383 841 1643 893 Calpurnium

251 906 513 954 centuriones,
535 908 587 946 de
612 906 756 957 quibus
786 920 903 957 supra
925 906 1155 954 rettulimus,
1179 906 1308 945 occidi
1334 905 1456 953 iussit,
1484 906 1645 945 damna-

252 979 312 1010 tos
351 971 443 1011 fidei
483 971 658 1019 crimine,
699 971 930 1021 gravissimo
968 971 1068 1010 inter
1105 970 1372 1010 desciscentis.
1444 982 1645 1011 accessere

252 1035 429 1087 partibus
449 1035 627 1074 Valerius
657 1034 865 1082 Asiaticus,
890 1035 1071 1086 Belgicae
1095 1034 1322 1086 provinciae
1341 1035 1503 1085 legatus,
1525 1046 1646 1085 quem

196 1119 233 1142 10
253 1115 345 1140 mox
378 1100 560 1139 Vitellius
594 1113 781 1150 generum
816 1099 993 1147 adscivit,
1030 1106 1069 1138 et
1104 1098 1243 1138 Iunius
1278 1099 1454 1146 Blaesus,
1488 1098 1647 1149 Lugdu-

252 1164 385 1205 nensis
418 1164 569 1204 Galliae
607 1171 743 1211 rector,
780 1176 870 1203 cum
907 1163 1045 1202 Italica
1083 1163 1239 1213 legione
1277 1170 1316 1202 et
1349 1164 1411 1202 ala
1448 1162 1647 1203 Tauriana

253 1229 438 1281 Lugduni
460 1229 724 1269 tendentibus.
783 1242 857 1268 nec
877 1228 917 1267 in
939 1227 1112 1268 Raeticis
1137 1227 1260 1279 copiis
1281 1241 1391 1267 mora
1410 1241 1492 1279 quo
1514 1228 1646 1268 minus

253 1294 385 1334 statim
404 1293 732 1345 adiungerentur:
762 1306 812 1332 ne
833 1292 873 1331 in
894 1292 1096 1331 Britannia
1115 1292 1278 1343 quidem
1298 1292 1535 1332 dubitatum.

177 1364 234 1402 60
418 1360 598 1397 Praeerat
629 1356 850 1396 Trebellius
896 1356 1104 1406 Maximus,
1136 1370 1205 1408 per
1241 1356 1444 1397 avaritiam
1482 1370 1530 1397 ac
1569 1370 1647 1397 sor-

255 1424 315 1464 dis
363 1430 615 1473 contemptus
667 1421 852 1461 exercitui
900 1421 1137 1473 invisusque.
1215 1422 1461 1462 accendebat
1508 1422 1646 1462 odium

254 1489 339 1529 eius
371 1489 541 1528 Roscius
571 1487 732 1528 Coelius
765 1488 914 1537 legatus
948 1486 1186 1527 vicensimae
1220 1485 1396 1538 legionis,
1437 1486 1533 1527 olim
1571 1486 1646 1527 dis-

254 1567 353 1600 corS,
384 1554 456 1593 sed
489 1551 697 1592 occasione
730 1550 901 1590 civilium
940 1564 1138 1590 armorum
1171 1550 1342 1591 atrocius
1376 1557 1646 1603 proruperant.

215 1635 232 1668 5
254 1616 476 1657 Trebellius
505 1615 742 1656 seditionem
770 1622 809 1655 et
838 1617 1048 1655 confusum
1076 1614 1257 1655 ordinem
1287 1615 1520 1667 disciplinae
1548 1616 1648 1656 Coe-

254 1685 320 1732 lio,
342 1684 528 1736 spoliatas
554 1690 593 1722 et
621 1682 760 1733 inopes
786 1681 960 1733 legiones
990 1682 1151 1723 Coelius
1177 1681 1378 1722 Trebellio
1408 1681 1645 1730 obiectabat,

254 1763 346 1789 cum
375 1747 532 1788 interim
560 1746 687 1786 foedis
716 1748 933 1797 legatorum
962 1746 1243 1786 certaminibus
1278 1745 1474 1786 modestia
1506 1745 1648 1786 exerci-

255 1822 317 1853 tus
345 1819 527 1863 corrupta
555 1824 683 1862 eoque
712 1810 932 1850 discordiae
951 1818 1114 1850 ventum
1142 1818 1186 1850 ut
1213 1810 1458 1850 auxiliarium
1486 1823 1648 1862 quoque

255 1879 424 1918 militurn
451 1876 638 1917 conviciis
667 1876 918 1927 proturbatus
945 1882 984 1915 et
1011 1875 1317 1927 adgregantibus
1346 1889 1388 1916 se
1415 1875 1556 1917 Coelio
1584 1888 1649 1916 co-

195 1958 233 1981 10
255 1943 435 1983 hortibus
463 1941 615 1991 alisque
644 1941 822 1979 desertus
851 1939 1074 1979 Trebellius
1104 1941 1157 1979 ad
1185 1939 1389 1979 Vitellium
1423 1939 1645 1992 perfugerit.
1697 1974 1700 1978 ,

255 2007 366 2059 quies
394 2005 619 2057 provinciae
646 2018 887 2056 quamquam
916 2012 1068 2045 remoto
1095 2004 1291 2045 consulari
1315 2004 1484 2046 mansit:
1515 2008 1650 2045 rexere

254 2070 370 2122 legati
390 2070 605 2121 legionum,
625 2082 737 2120 pares
757 2069 849 2116 iure,
874 2069 1035 2109 Coelius
1055 2070 1243 2109 audendo
1263 2068 1473 2121 potentior.

258 2173 296 2193 12
319 2162 418 2193 statis
436 2159 477 2191 M
490 2173 497 2192 ε
521 2160 650 2191 sedatis
666 2159 863 2191 Db‘derlez'n:
886 2160 1017 2192 satiatis
1033 2160 1234 2192 Frethsheim
1267 2152 1270 2153 ⁷
1384 2170 1423 2200 13
1446 2160 1503 2201 qui
1518 2170 1557 2192 se
1571 2170 1649 2192 san-

255 2206 382 2279 §sinen
373 2204 415 2236 al.
434 2215 442 2236 t
465 2204 493 2235 is
510 2204 674 2243 sanguine
690 2203 817 2244 Haase,
837 2203 946 2235 Halm
1082 2214 1120 2243 14
1144 2213 1182 2235 se
1198 2203 1249 2234 lnc
1261 2202 1388 2235 addidit
1401 2203 1430 2235 Ι.
1451 2203 1646 2243 Gronovius,

300 2297 365 2331 59.
386 2299 405 2330 5
423 2290 535 2322 sociae
545 2294 602 2320 aut
615 2289 778 2320 adversae
790 2288 920 2321 seclusit
929 2289 1047 2321 Nova'k
1121 2299 1161 2320 10
1177 2288 1291 2320 blesus
1303 2287 1346 2319 M
1421 2298 1461 2319 12
1481 2288 1597 2320 reticis
1609 2287 1652 2320 M

301 2333 367 2366 60.
396 2342 408 2364 1
434 2332 634 2364 trebellinus
650 2331 689 2362 M
753 2333 856 2363 sorde
872 2331 921 2372 M,
937 2333 976 2373 cf.
994 2342 1023 2364 c.
1041 2341 1085 2372 52
1205 2342 1226 2372 3
1251 2331 1389 2364 Coelius
1409 2329 1459 2362 W.
1475 2330 1649 2364 Heraeus:

257 2376 363 2410 celius
379 2375 426 2414 M,
446 2376 483 2416 cf.
502 2385 531 2407 c.
545 2385 585 2415 77
599 2386 605 2407 :
627 2375 762 2406 Caelius
778 2375 879 2417 vulgo
1008 2385 1029 2414 4
1052 2379 1275 2416 proruperant
1290 2374 1332 2405 M
1339 2373 1371 2406 ¹:
1395 2379 1596 2415 proruperat
1610 2374 1652 2405 M

258 2430 278 2460 5
302 2420 409 2452 caelio
425 2419 468 2450 M
561 2419 584 2450 6
607 2418 713 2449 celius
728 2416 770 2448 M
863 2417 1011 2450 tribellio
1026 2417 1069 2450 M
1156 2427 1174 2458 7
1198 2417 1318 2450 faedus
1335 2415 1378 2449 M
1459 2427 1484 2460 9
1502 2416 1591 2450 celio
1610 2417 1653 2449 M

262 2474 301 2495 12
324 2463 452 2495 caelius
470 2461 513 2493 M
596 2461 766 2493 audiendo
782 2460 824 2492 M
