1748 2826
129 174 142 186 2
191 150 328 198 [1163
717 150 994 190 CORNELII
1023 148 1220 190 TACITI

269 263 534 301 circumdatos
574 263 728 301 Primus
769 262 970 301 Antonius
1014 262 1229 300 elementer
1272 259 1520 311 adloquitur:
1573 272 1661 311 pars

269 327 452 375 Narniae,
487 340 576 378 pars
611 328 861 366 Interamnae
892 325 1102 365 subsistere
1137 325 1242 364 iussi.
1299 324 1458 364 relictae
1494 324 1611 363 simul
1639 336 1661 363 e

267 391 492 431 victricibus
523 390 709 442 legiones,
745 403 876 441 neque
908 389 1202 441 quiescentibus
1233 402 1368 440 graves
1402 396 1441 428 et
1473 389 1660 428 adversus

267 457 560 496 contumaciam
588 454 751 495 validae.
810 468 892 494 non
919 454 1086 494 omisere
1119 467 1187 504 per
1216 467 1284 493 eos
1313 453 1398 493 dies
1432 452 1586 492 Primus
1613 466 1661 492 ac

209 538 248 561 10
267 523 394 560 Varus
423 520 570 560 crebris
593 519 741 559 nuntiis
765 520 931 558 salutem
956 526 994 558 et
1023 518 1234 570 pecuniam
1257 525 1297 557 et
1319 525 1469 557 secreta
1494 518 1662 569 Campa-

266 585 355 624 niae
388 586 526 624 offerre
556 583 729 631 Vitellio,
765 582 798 622 si
835 582 973 634 positis
1003 584 1121 621 armis
1153 595 1274 633 seque
1311 595 1358 621 ac
1388 581 1534 621 liberos
1567 594 1660 621 suos

265 650 512 701 Vespasiano
530 648 781 700 permisisset.
829 646 871 686 in
891 648 1063 687 eundern
1083 647 1249 686 modurn
1264 653 1303 685 et
1325 646 1536 685 Mucianus
1556 659 1661 686 com-

265 716 398 767 posuit
436 714 649 766 epistulas3
688 712 834 764 quibus
872 714 1105 764 plerumque
1142 712 1264 752 fidere
1301 710 1484 751 Vitellius
1521 711 1569 750 ac
1608 711 1660 751 de

266 793 433 820 numero
462 792 675 827 servorum,
703 778 898 819 electione
922 777 1081 817 litorum
1100 776 1221 828 loqui.
1280 782 1389 816 tanta
1411 776 1579 827 torpedo
1604 769 1661 814 in-

209 861 246 894 15
265 852 416 884 vaserat
445 843 624 884 animum
649 850 703 892 ut,
736 843 769 883 si
799 842 1017 894 principem
1047 855 1138 882 eum
1169 841 1289 881 fuisse
1321 840 1441 881 ceteri
1471 854 1553 881 non
1581 853 1660 880 rne-

266 909 484 958 minissent,
507 908 592 960 ipse
611 908 919 948 oblivisceretur.

188 973 245 1020 64
427 976 481 1014 At
522 973 713 1025 primores
754 972 921 1013 civitatis
963 971 1142 1011 Flavium
1185 969 1378 1011 Sabinum
1417 970 1658 1021 praefectum

265 1039 372 1079 urbis
403 1040 562 1079 secretis
591 1037 840 1078 sermonibus
868 1036 1098 1085 incitabant,
1126 1034 1312 1075 victoriae
1339 1035 1549 1085 famaeque
1575 1047 1659 1086 par-

264 1111 346 1144 tem
374 1111 619 1155 capesseret:
661 1116 748 1143 esse
776 1103 831 1142 illi
859 1103 1061 1154 proprium
1097 1100 1265 1140 militem
1293 1098 1518 1139 cohortium
1547 1098 1658 1139 urba—

264 1183 415 1217 narum,
464 1181 538 1209 nec
585 1169 786 1208 defuturas
828 1167 991 1218 vigilum
1042 1165 1228 1214 cohortis,
1270 1164 1427 1205 servitia
1468 1163 1656 1215 ipsorum,

226 1248 243 1280 5
264 1236 461 1272 fortunam
499 1233 680 1284 partium,
715 1240 754 1273 et
785 1231 920 1271 omnia
957 1244 1081 1282 prona
1112 1229 1353 1270 victoribus:
1395 1242 1448 1269 ne
1479 1227 1658 1268 Antonio

263 1300 449 1349 Varoque
483 1298 535 1337 de
571 1297 694 1348 gloria
727 1297 975 1336 concederet.
1033 1308 1179 1346 paucas
1210 1294 1377 1334 Vitellio
1406 1292 1582 1333 cohortis
1619 1299 1659 1332 et

264 1362 423 1402 maestis
456 1361 635 1412 undique
667 1360 816 1401 nuntiis
849 1360 1046 1411 trepidas3
1087 1359 1225 1410 populi
1255 1357 1448 1399 mobilem
1480 1358 1657 1396 animum

263 1434 313 1474 et,
354 1426 387 1465 si
423 1427 567 1466 ducem
606 1439 648 1465 se
685 1424 941 1477 praebuisset,
981 1425 1142 1464 easdem
1179 1424 1264 1463 illas
1301 1422 1551 1462 adulationes
1586 1434 1658 1472 pro

263 1492 509 1542 Vespasiano
529 1491 613 1530 fore
624 1504 635 1539 3
663 1489 793 1541 ipsum
813 1488 1018 1528 Vitellium
1038 1502 1089 1527 ne
1107 1486 1303 1539 prosperis
1319 1485 1490 1538 quidem
1509 1498 1654 1538 parem,

206 1572 244 1595 10
262 1557 366 1596 adeo
394 1555 600 1595 ruentibus
623 1554 884 1595 debilitatum.
942 1553 1106 1604 gratiam
1129 1551 1270 1603 patrati
1292 1551 1386 1592 belli
1413 1563 1540 1603 penes
1563 1563 1657 1591 eum

262 1622 329 1671 qui
350 1621 489 1660 urbem
510 1627 766 1670 occupasset:
795 1619 837 1658 id
861 1618 1010 1659 Sabino
1029 1617 1241 1657 convenire
1260 1623 1304 1656 ut
1322 1615 1533 1668 imperium
1551 1614 1658 1655 fratri

262 1692 483 1732 reservaret,
506 1684 548 1724 id
567 1683 814 1735 Vespasiano
834 1689 877 1722 ut
897 1683 1015 1722 ceteri
1037 1689 1125 1733 post
1145 1681 1337 1722 Sabinum
1357 1681 1609 1720 haberentur.

187 1751 243 1799 65
424 1750 752 1800 Haudquaquam
795 1755 927 1788 erecto
974 1747 1109 1787 animo
1151 1760 1218 1787 eas
1260 1759 1378 1786 voces
1423 1745 1654 1796 accipiebat,

260 1813 455 1853 invalidus
479 1820 642 1852 senecta
655 1827 666 1862 3
695 1812 766 1851 sed
790 1820 900 1852 erant
929 1813 997 1863 qui
1024 1811 1188 1851 occultis
1215 1809 1508 1862 suspicionibus
1534 1807 1658 1849 inces-

260 1885 401 1926 serent,
432 1886 636 1929 tamquam
662 1876 811 1916 invidia
834 1884 874 1916 et
903 1876 1168 1916 aemulatione
1200 1877 1397 1915 fortunam
1424 1873 1550 1914 fratris
1576 1888 1657 1914 mo-

260 1950 416 1982 raretur.
475 1956 649 1994 namque
672 1942 828 1981 Flavius
856 1941 1025 1981 Sabinus
1051 1933 1180 1980 aetate
1203 1940 1310 1991 prior
1333 1939 1493 1991 privatis
1519 1938 1657 1978 utrius-

223 2024 240 2056 5
260 2021 338 2058 que
371 2008 489 2047 rebus
525 2007 759 2046 auctoritate
790 2005 1039 2057 pecuniaque
1070 2004 1362 2055 Vespasianum
1395 2003 1581 2051 anteibat,
1615 2010 1655 2042 et

260 2073 494 2112 credebatur
519 2073 716 2111 adfectam
746 2071 830 2111 eius
860 2072 980 2110 fidem
1009 2082 1125 2121 parce
1154 2068 1298 2108 iuvisse
1323 2069 1448 2108 domo
1474 2066 1655 2119 agrisque

262 2170 278 2198 7
303 2158 484 2190 substitere
501 2157 544 2188 M

305 2202 369 2243 64.
400 2211 439 2232 12
463 2202 628 2232 reservari
647 2201 697 2239 M,
714 2212 792 2233 corr.
811 2201 886 2234 M1:
911 2203 1079 2232 reseraret
1092 2198 1196 2239 Jacob

306 2245 369 2286 65.
395 2255 415 2275 2
438 2249 514 2286 post
528 2249 667 2276 senecta
683 2245 717 2275 in
733 2244 874 2276 Mediceo
890 2247 1078 2284 sequuntur
1090 2253 1151 2274 seu
1170 2242 1342 2273 ferebatur
1362 2240 1517 2273 lecticula
1533 2240 1575 2282 (c.
1595 2240 1654 2280 67)

261 2299 364 2329 usque
391 2289 438 2319 ad
461 2288 555 2320 verba
584 2288 618 2318 in
643 2288 846 2328 Capitolium
871 2288 992 2319 accivit
1009 2288 1053 2329 (c.
1075 2287 1146 2328 69),
1166 2285 1254 2318 unde
1279 2285 1343 2317 huc
1366 2284 1450 2316 redit
1472 2289 1568 2316 erant
1583 2284 1652 2324 qui.

260 2343 375 2364 verum
392 2332 540 2363 ordinem
558 2331 696 2362 restituit
709 2331 916 2363 Puteolanus
931 2333 1059 2362 mutato
1082 2340 1142 2361 seu
1165 2330 1201 2360 in
1219 2329 1340 2367 simul;
1363 2329 1426 2360 sed
1442 2332 1506 2369 pro
1522 2337 1582 2359 seu
1604 2327 1658 2358 hic

259 2376 399 2407 inseruit
412 2376 547 2407 Haase:
572 2385 633 2406 seu
649 2375 717 2407 secl.
735 2374 969 2406 Baiter-Orelli
1109 2383 1130 2412 3
1154 2372 1301 2403 invidiae
1316 2372 1360 2403 M
1507 2372 1529 2401 6
1550 2380 1654 2411 parce

260 2420 386 2451 iuvisse
402 2419 531 2451 Halm:
566 2418 776 2459 praeiuvisse
797 2419 854 2449 M:
890 2427 1007 2459 parum
1032 2417 1157 2448 iuvisse
1177 2415 1367 2458 szpontim':
1403 2425 1503 2456 praes
1526 2415 1653 2447 iuvisse

261 2463 442 2496 Heinsius:
467 2473 573 2504 prave
589 2463 715 2494 iuvisse
733 2462 904 2494 Db'derlein
