1748 2826
171 139 191 182 I
211 138 235 176 8
659 138 937 180 CORNELII
966 137 1161 179 TACITI

211 261 235 287 a
262 246 386 287 milite
413 246 622 298 imperium
654 247 925 288 conveniebat.
987 247 1198 303 Fonteium
1232 247 1470 300 Capitonem
1503 247 1604 289 occi-

210 327 299 353 sum
319 313 438 353 etiam
458 313 526 365 qui
547 313 658 365 queri
678 328 759 354 non
780 321 976 366 poterant,
994 322 1128 354 tamen
1147 314 1465 366 indignabantur.
1523 316 1605 356 dux

152 387 189 421 15
211 379 346 418 deerat
374 378 550 418 abducto
578 378 768 429 Verginio
797 393 865 430 per
899 379 1191 419 simulationem
1224 380 1444 430 amicitiae3
1483 384 1604 432 quem

210 456 293 482 non
312 442 457 482 remitti
482 450 602 494 atque
622 443 740 483 etiam
761 457 871 484 reum
898 457 984 484 esse
1011 451 1214 496 tamquam
1234 458 1349 484 suum
1375 444 1524 486 crimen
1543 457 1620 494 aeq

210 507 420 559 cipiebant.

163 584 191 622 9
374 572 558 624 Superior
578 572 770 613 exercitus
792 574 963 625 legatum
986 574 1267 615 Hordeonium
1288 575 1475 615 Flaccum
1502 587 1604 627 sper·

211 638 342 686 nebat,
375 646 535 678 senecta
561 653 608 678 ac
639 638 842 679 debilitate
872 641 1021 690 pedum
1052 639 1280 688 invalidum,
1310 639 1394 680 sine
1424 646 1606 680 constan-

212 702 277 751 tia,
299 702 383 742 sine
409 703 666 743 auctoritate:
697 717 747 743 ne
775 703 910 754 quieto
936 704 1098 754 quidem
1126 703 1249 744 milite
1275 704 1448 756 regimen
1463 719 1474 754 3
1501 705 1604 744 adeo

211 768 384 806 furentes
410 767 636 807 infirmitate
662 767 866 807 retinentis
893 770 995 808 ultro
1023 770 1355 809 accendebantur.
1412 768 1604 809 inferioris

173 846 191 879 5
212 834 449 874 Germaniae
475 835 649 886 legiones
676 834 824 874 diutius
851 834 936 874 sine
956 835 1151 875 consulari
1178 837 1296 884 fuere,
1325 837 1456 877 donec
1482 836 1604 877 missu

211 899 365 940 Galbae
393 901 441 939 A.
472 899 656 939 Vitellius
689 901 835 948 aderat,
871 900 1046 940 censoris
1079 900 1228 940 Vitellii
1260 914 1308 941 ac
1341 907 1399 941 ter
1431 901 1605 942 consulis

211 963 336 1003 filius:
367 963 408 1004 id
432 964 526 1004 satis
544 964 762 1004 videbatur.
810 964 861 1003 .in
889 964 1119 1005 Britannico
1139 965 1310 1005 exercitu
1330 965 1428 1005 nihil
1448 965 1604 1006 irarum.

212 1043 294 1069 non
323 1043 418 1070 sane
445 1030 545 1070 aliae
578 1030 753 1082 legiones
786 1044 855 1082 per
888 1031 1018 1071 omnis
1047 1031 1220 1071 civilium
1249 1033 1444 1072 bellorum
1473 1039 1604 1072 motus

212 1093 463 1134 innocentius
492 1103 665 1146 egerunt,
698 1109 767 1136 seu
796 1095 888 1147 quia
917 1098 1054 1147 procul
1083 1103 1122 1136 et
1151 1097 1316 1137 Oceano
1344 1095 1504 1145 divisae,
1534 1109 1607 1136 seu

154 1175 193 1199 10
214 1159 359 1200 crebris
393 1159 710 1211 expeditionibus
744 1162 887 1200 doctae
920 1162 1075 1200 hostem
1114 1161 1244 1212 potius
1279 1160 1421 1201 odisse.
1493 1161 1604 1212 quies

212 1232 251 1264 et
286 1224 457 1275 Illyrico,
479 1238 732 1276 quamquam
768 1224 917 1264 excitae
949 1238 972 1263 a
1011 1226 1171 1264 Nerone
1208 1224 1394 1276 legiones,
1429 1225 1526 1265 dum
1563 1223 1606 1264 in

213 1290 329 1329 Italia
356 1296 603 1338 cunctantur,
635 1289 866 1340 Verginium
895 1289 1157 1340 legationibus
1186 1289 1385 1330 adissent:
1424 1291 1495 1331 sed
1523 1291 1606 1330 lon-

211 1355 269 1406 gis
298 1355 433 1406 spatiis
462 1355 619 1395 discreti
650 1355 852 1404 exercitus,
883 1356 993 1406 quod
1022 1355 1322 1395 saluberrimum
1349 1363 1409 1396 est
1436 1357 1488 1396 ad
1514 1369 1606 1396 con-

213 1420 418 1460 tinendam
466 1420 674 1460 militarem
721 1422 856 1470 fidem,
899 1434 973 1460 nec
1015 1420 1118 1460 vitiis
1160 1433 1235 1460 nec
1275 1420 1422 1460 viribus
1469 1420 1606 1460 misce·

154 1500 190 1533 15
213 1486 367 1526 bantur.
557 1492 559 1494 '

145 1559 191 1589 10
374 1550 519 1591 Oriens
547 1552 679 1591 adhuc
709 1550 907 1589 immotus.
966 1549 1115 1600 Syriam
1150 1556 1188 1589 et
1217 1556 1402 1600 quattuor
1430 1548 1605 1601 legiones

212 1614 419 1655 obtinebat
450 1610 624 1654 Licinius
654 1614 878 1663 Mucianus,
909 1613 965 1653 vir
999 1613 1183 1654 secundis
1216 1614 1468 1665 adversisque
1498 1613 1606 1653 iuxta

212 1681 398 1720 famosus.
456 1679 619 1731 insignis
648 1679 840 1719 amicitias
867 1678 1018 1719 iuvenis
1045 1678 1255 1719 ambitiose
1280 1680 1455 1718 coluerat
1468 1692 1480 1728 3
1513 1692 1605 1718 mox

212 1744 353 1784 attritis
381 1744 540 1796 opibus,
568 1744 720 1784 lubrico
753 1751 867 1793 statu,
899 1751 1081 1795 suspecta
1113 1744 1231 1784 etiam
1266 1743 1424 1785 Claudii
1456 1743 1606 1783 iracun-

174 1824 191 1858 5
214 1810 290 1859 dia,
331 1810 372 1849 in
410 1817 604 1849 secretum
638 1809 758 1849 Asiae
797 1810 991 1861 sepositus
1025 1817 1105 1848 tam
1144 1823 1267 1860 prope
1303 1809 1355 1848 ab
1388 1810 1500 1848 exule
1533 1808 1606 1848 fuit

215 1889 336 1926 quam
369 1882 507 1925 postea
539 1889 563 1914 a
595 1874 782 1926 principe.
852 1874 1003 1914 luxuria
1035 1874 1236 1922 industria,
1272 1873 1459 1914 comitate
1496 1875 1607 1914 adro·

214 1940 357 1991 ganda,
380 1939 491 1978 malis
512 1939 708 1991 bonisque
728 1939 876 1979 artibus
897 1939 1040 1978 mixtus
1057 1955 1064 1978 :
1094 1939 1239 1979 nimiae
1257 1941 1490 1990 voluptates,
1513 1953 1605 1979 cum

215 2011 394 2054 vacaret,
437 2004 621 2055 quotiens
660 2005 894 2056 expedierat,
931 2018 1096 2056 magnae
1129 2005 1310 2044 virtutes:
1358 2005 1489 2055 palam
1527 2005 1606 2043 lau-

215 2071 340 2117 dares,
363 2076 511 2108 secreta
542 2071 644 2109 male
667 2069 908 2109 audiebant:
939 2070 1008 2109 sed
1031 2070 1138 2120 apud
1162 2069 1376 2118 subiectos,
1394 2069 1502 2119 apud
1521 2081 1607 2120 pro-

219 2183 258 2214 ¹3
281 2172 371 2204 haud
388 2173 610 2205 conveniebat
629 2172 814 2214 Gudeman,
837 2173 875 2213 cf
893 2172 959 2204 Dio
974 2172 1056 2204 lxiii.
1076 2182 1117 2212 25
1288 2181 1326 2212 15
1349 2171 1510 2212 vergenio
1525 2169 1566 2201 M

261 2224 298 2258 9.
324 2225 344 2256 5
368 2217 536 2248 consulari
555 2216 615 2247 M1
633 2228 640 2248 ε
665 2217 855 2249 consularis
871 2216 912 2248 M
1018 2217 1039 2247 8
1061 2226 1181 2248 omnes
1197 2215 1278 2247 M²=
1301 2225 1401 2247 omne
1417 2214 1460 2246 M
1567 2222 1607 2245 12

217 2265 396 2292 cunctatur
414 2260 558 2299 Classen,
579 2259 689 2291 Halm
823 2270 861 2299 14
882 2259 1027 2301 viribus]
1051 2259 1230 2291 virtutibus
1248 2258 1394 2301 Kraffirt

259 2311 313 2336 10.
342 2314 362 2343 4
386 2303 509 2335 attritis
525 2303 566 2334 M
573 2303 583 2323 ¹
601 2314 608 2334 :
631 2303 778 2335 atteritis
794 2302 836 2334 M
992 2313 1012 2342 5
1035 2303 1206 2343 sepositus
1223 2301 1414 2334 Acidalius:
1437 2300 1607 2342 repositus

217 2348 266 2386 M,
283 2346 374 2388 quod
385 2347 537 2378 tuebatur
552 2347 690 2384 Onions,
707 2347 858 2385 Journal
872 2347 1093 2387 osPhiIology
1108 2346 1186 2388 xvii,
1209 2357 1241 2387 p.
1255 2346 1320 2386 289
1406 2346 1427 2376 8
1450 2355 1488 2376 se
1504 2353 1605 2385 expe·

219 2391 327 2423 dierat
343 2390 458 2430 Ritter,
471 2389 631 2432 probante
648 2390 789 2431 Madvig
