1748 2826
446 139 856 186 HISTORIARVM
888 147 1061 184 LIBER
1092 146 1152 184 1v
1446 145 1506 183 lv
1525 144 1585 192 84

101 264 188 299 tum
225 258 359 298 minax
396 257 516 298 facies
554 257 873 308 Scydrothemidi
914 259 1074 296 offertur
1109 270 1160 296 ne
1194 257 1393 297 destinata
1430 256 1509 295 deo

101 325 204 364 ultra
239 330 481 364 moraretur:
527 330 783 362 cunctantem
820 322 927 362 varia
974 321 1168 373 pernicies
1217 321 1428 372 morbique
1470 328 1509 359 et

102 389 310 429 manifesta
339 389 570 428 caelestium
598 389 655 428 ira
684 389 917 440 graviorque
946 387 987 427 in
1018 388 1103 428 dies
1133 387 1334 439 fatigabat.
1391 387 1510 426 advo-

99 461 189 494 cata
225 453 416 494 contione
453 454 559 494 iussa
596 454 782 500 numinis,
823 467 917 493 suos
956 451 1257 504 Ptolemaeique
1296 453 1414 500 visus,
1455 451 1510 490 in-
1533 463 1572 486 10

99 518 281 572 gruentia
312 519 419 558 mala
449 519 636 570 exponit:
673 520 813 570 vulgus
847 516 1015 558 aversari
1050 531 1196 569 regem,
1228 516 1407 557 invidere
1435 518 1511 556 Ae·

99 591 234 637 gypto,
262 583 342 624 sibi
375 591 552 624 metuere
583 585 859 635 templumque
892 583 1197 623 circumsedere.
1256 581 1382 622 maior
1416 583 1510 621 hinc

101 650 208 690 sama
234 649 398 697 tradidit
424 650 548 690 deum
581 651 713 701 ipsum
746 650 935 701 adpulsas
969 649 1072 689 litori
1100 649 1212 689 navis
1242 656 1386 700 sponte
1414 661 1510 687 con-

100 714 329 756 scendisse:
357 714 502 756 mimm
525 714 621 755 inde
644 714 767 764 dictu,
792 714 909 754 tertio
936 714 1004 755 die
1032 722 1189 754 tantum
1213 713 1333 753 maris
1357 711 1511 754 emensi

99 780 383 822 Alexandriam
421 781 686 833 adpelluntur.
744 782 940 832 templum
978 794 1051 832 pro
1090 779 1368 832 magnitudine
1400 778 1510 819 urbis
1532 790 1571 822 15

101 854 324 888 extructum
347 847 440 886 loco
457 845 524 886 cui
543 859 694 886 nomen
714 846 934 894 Rhacotis3
973 846 1098 885 fuerat
1125 844 1205 884 illic
1231 847 1423 885 sacellum
1444 846 1511 885 Se-

100 910 228 962 rapidi
254 918 378 963 atque
412 910 512 952 Isidi
547 910 769 963 antiquitus
801 918 1010 950 sacratum.
1070 911 1170 951 haec
1201 912 1252 951 de
1285 910 1438 962 origine
1471 918 1510 951 et

98 976 271 1017 advectu
306 976 374 1018 dei
410 976 678 1017 celeberrima.
748 989 824 1016 nec
861 990 951 1016 sum
989 974 1148 1027 ignarus
1185 990 1273 1016 esse
1310 977 1510 1028 quosdam

99 1040 170 1094 qui
197 1041 381 1083 Seleucia
406 1042 507 1083 urbe
534 1042 669 1094 Syriae
695 1042 869 1082 accitum
898 1049 1088 1093 regnante
1117 1043 1362 1090 Ptolemaeo,
1389 1055 1509 1094 quem

99 1105 216 1149 tertia
240 1114 352 1148 aetas
379 1107 470 1148 tulit
482 1121 495 1158 3
521 1106 589 1148 alii
613 1115 819 1148 auctorem
840 1108 1015 1147 eundem
1046 1108 1334 1156 Ptolemaeum,
1358 1108 1507 1155 sedern,
1531 1120 1573 1143 πο

99 1187 148 1214 ex
173 1186 256 1226 qua
279 1173 486 1223 transierit,
509 1172 737 1225 Memphim
764 1172 986 1224 perhibent,
1008 1171 1199 1212 inclutam
1226 1173 1322 1213 olim
1349 1181 1389 1213 et
1408 1180 1510 1213 vete-

98 1237 160 1279 ris·
171 1238 344 1292 Aegypti
371 1241 569 1280 columen.
629 1240 751 1279 deum
780 1238 911 1290 ipsum
941 1237 1056 1277 multi
1079 1238 1377 1290 Aesculapium,
1399 1240 1512 1290 quod

100 1304 308 1345 medeatur
349 1304 474 1357 aegris
517 1304 761 1356 corporibus,
802 1303 966 1355 quidam
1005 1303 1149 1352 Osirin,
1189 1303 1511 1356 antiquissimum

100 1369 177 1410 illis
204 1369 391 1422 gentibus
424 1384 587 1420 numen,
618 1371 799 1423 plerique
829 1371 968 1410 Iovem
999 1377 1043 1409 ut
1071 1382 1201 1409 rerum
1232 1369 1415 1410 omnium
1445 1384 1512 1422 po-

101 1442 264 1484 tentem,
285 1434 445 1487 plurimi
470 1435 606 1476 Ditem
635 1443 788 1488 patrem
817 1434 1049 1486 insignibus,
1073 1449 1176 1486 quae
1203 1435 1244 1474 in
1271 1435 1360 1488 ipso
1389 1438 1513 1477 mani·
1532 1449 1573 1481 ²5

100 1500 212 1549 festa,
233 1508 303 1540 aut
321 1513 392 1552 per
409 1501 598 1553 ambages
618 1501 856 1541 coniectant.

263 1568 319 1606 At
341 1566 608 1608 Domitianus
644 1566 941 1617 Mucianusque
974 1573 1190 1617 antequam
1219 1567 1392 1618 Alpibus
1426 1581 1513 1619 pro·
1532 1559 1585 1606 85

102 1631 353 1685 p’mquarent,
392 1645 605 1684 prosperos
652 1645 782 1672 rerum
820 1631 862 1670 in
901 1631 1072 1670 Treviris
1110 1639 1309 1683 gestarum
1348 1634 1511 1672 nuntios

101 1711 302 1750 accepere.
361 1698 574 1750 praecipua
602 1697 790 1737 victoriae
819 1697 918 1736 fides
953 1697 1034 1736 dux
1067 1697 1244 1736 hostium
1273 1697 1510 1737 Valentinus

101 1777 357 1816 nequaquam
390 1762 550 1803 abiecto
578 1762 725 1811 animo,
757 1775 858 1814 quos
894 1761 1052 1813 spiritus
1086 1762 1282 1813 gessisset,
1314 1764 1425 1802 vultu
1460 1764 1511 1802 se-

102 1829 227 1870 rebat.
287 1828 448 1869 auditus
491 1829 583 1869 ideo
625 1836 780 1868 tantum
819 1836 862 1867 ut
900 1835 1129 1867 nosceretur
1166 1828 1371 1880 ingenium
1411 1831 1508 1874 eius,
1530 1839 1548 1872 5

102 1897 396 1947 damnatusque
442 1894 545 1935 inter
588 1895 717 1946 ipsum
758 1893 997 1945 supplicium
1048 1893 1303 1945 exprobranti
1349 1895 1510 1936 cuidam

102 1963 269 2015 patriam
297 1960 382 2002 eius
413 1969 570 2013 captam
603 1961 784 2011 accipere
815 1973 857 1999 se
892 1961 1083 1999 solacium
1119 1961 1258 2000 mortis
1290 1961 1508 2012 respondit.

102 2027 174 2068 se'd
203 2026 417 2067 Mucianus
450 2027 561 2078 quod
594 2026 663 2066 diu
692 2027 968 2073 occultaverat,
1002 2033 1044 2064 ut
1075 2039 1211 2065 recens
1240 2027 1509 2078 exprompsit:

102 2091 292 2144 quoniam
326 2091 571 2144 benignitate
599 2092 721 2132 deum
756 2092 901 2131 fractae
935 2091 1110 2131 hostiurn
1140 2091 1240 2132 vires
1275 2093 1414 2140 forent,
1447 2106 1512 2144 pa-

102 2171 188 2197 rum
216 2157 360 2198 decore
392 2156 667 2197 Domitianum
695 2158 881 2198 confecto
907 2170 1030 2209 prope
1058 2157 1164 2197 bello
1187 2157 1341 2198 alienae
1364 2159 1511 2208 gloriae
1533 2174 1577 2197 ιο

114 2271 132 2302 7
157 2261 435 2304 Scidrothelmidi
451 2261 493 2293 M
608 2273 630 2302 9
654 2262 800 2294 manista
817 2262 865 2301 M,
887 2262 919 2293 se
937 2266 1096 2303 superscr.
1117 2262 1171 2293 Μ2
1297 2273 1308 2293 1
1321 2273 1333 2294 1
1361 2264 1510 2295 aversari

102 2304 278 2338 Muretus:
301 2305 476 2338 adversari
495 2305 538 2337 M
678 2316 715 2337 12
741 2306 982 2338 circumsidere
995 2305 1133 2347 Lipsius
1268 2307 1308 2337 16
1332 2307 1508 2349 Serapidi]

103 2347 230 2382 osii-idi
244 2348 394 2382 Sam'lius
525 2360 567 2391 25
591 2360 678 2390 quae
695 2348 923 2381 Puteolanus:
946 2359 1080 2389 queque
1097 2349 1140 2381 M

147 2391 207 2435 85.
231 2403 252 2434 3
274 2397 481 2434 acceperunt
500 2393 549 2435 M,
568 2404 647 2426 corr.
665 2393 707 2424 M
710 2392 722 2413 ¹
809 2396 886 2435 post
899 2393 1103 2426 Valentinus
1119 2393 1197 2427 add.
1217 2394 1246 2425 is
1262 2394 1438 2435 Bnpontim·
