1748 2826
180 138 240 183 IV
258 144 315 192 46
707 143 982 184 CORNELII
1012 143 1207 183 TACITI

261 257 543 307 adloquentem
570 255 846 295 Domitianum
867 255 1008 296 firmati
1031 255 1109 295 iam
1136 269 1347 307 excepere:
1375 261 1568 308 spernunt
1585 256 1654 295 ob-

261 322 361 360 latos
398 334 522 372 agros,
558 319 738 360 militiam
776 327 815 360 et
849 320 1046 372 stipendia
1077 328 1201 360 orant.
1258 333 1394 371 preces
1427 326 1548 370 erant,
1583 320 1654 360 sed

261 384 405 435 quibus
436 392 573 425 contra
598 384 678 425 dici
706 398 788 424 non
816 393 950 436 posset
963 399 975 434 3
1013 385 1128 437 igitur
1156 385 1196 424 in
1225 385 1463 436 praetorium
1487 383 1652 436 accepti.

260 448 355 488 dein
377 449 523 500 quibus
551 456 658 489 aetas
679 456 718 489 et
741 449 843 489 iusta
870 450 1077 502 stipendia,
1105 450 1257 490 dimissi
1281 464 1372 490 cum
1398 451 1560 497 honore,
1589 448 1654 488 alii

201 526 243 558 30
261 514 314 553 ob
353 515 522 566 culpam,
563 516 634 555 sed
667 516 831 565 carptim
868 526 917 555 ac
947 514 1103 566 singuli,
1138 528 1219 566 quo
1249 514 1448 555 tutissimo
1476 512 1654 554 remedio

261 590 479 619 consensus
499 578 761 619 multitudinis
782 586 1027 619 extenuatur.

190 641 243 681 47
424 643 611 685 Ceterum
644 656 788 684 verane
822 643 1008 695 pauperie
1044 657 1095 683 an
1121 643 1179 684 uti
1211 644 1418 693 videretur,
1450 651 1585 684 actum
1613 643 1653 684 in

261 714 400 748 senatu
425 715 470 747 ut
502 708 743 748 sescentiens
770 708 991 748 sestertium
1019 722 1043 748 a
1070 708 1227 760 privatis
1255 716 1439 749 mutuum
1463 707 1656 760 accipere-

261 779 334 822 tur,
368 772 694 825 praepositusque
718 773 754 813 ei
783 786 901 813 curae
931 775 1143 824 Pompeius
1172 773 1363 813 Silvanus.
1421 787 1497 813 nec
1529 774 1655 814 multo

259 844 351 888 post
373 837 585 878 necessitas
613 837 710 877 abiit
734 837 815 878 sive
843 838 990 878 omissa
1015 837 1223 878 simulatio.
1281 837 1457 890 abrogati
1483 837 1578 878 inde
1604 839 1656 878 le-

223 916 240 949 5
259 915 349 953 gem
388 904 537 942 ferente
576 902 809 942 Domitiano
851 904 1079 942 consulatus
1117 916 1218 954 quos
1254 902 1437 942 Vitellius
1479 903 1652 951 dederat,

260 968 458 1018 funusque
481 967 705 1007 censorium
727 967 862 1008 Flavio
886 967 1034 1007 Sabino
1053 969 1230 1016 ductum,
1253 981 1396 1020 magna
1413 969 1656 1008 documenta

260 1032 453 1072 instabilis
473 1034 652 1073 fortunae
672 1046 906 1084 summaque
926 1040 966 1073 et
983 1033 1063 1072 ima
1083 1032 1293 1072 miscentis.

190 1096 261 1143 48'
424 1098 507 1138 Sub
527 1099 635 1138 idem
661 1105 817 1150 tempus
843 1100 886 1137 L.
910 1097 1003 1137 Piso
1022 1111 1093 1149 pro
1122 1099 1285 1137 consule
1310 1097 1550 1137 interficitur.
1607 1110 1655 1137 ea

262 1164 313 1203 de
332 1164 455 1203 caede
481 1176 601 1214 quam
630 1162 831 1203 verissime
860 1162 1079 1213 expediam,
1111 1161 1143 1202 si
1169 1175 1295 1214 pauca
1321 1175 1439 1213 supra
1463 1162 1655 1214 repetiero

261 1229 313 1267 ab
341 1227 454 1268 initio
484 1227 693 1279 causisque
719 1227 856 1267 talium
886 1227 1105 1267 facinorum
1134 1240 1216 1267 non
1243 1227 1424 1267 absurda.
1483 1225 1654 1278 legioin

262 1292 395 1332 Africa
431 1292 653 1344 auxiliaque
684 1292 858 1332 tutandis
889 1291 1042 1343 imperii
1075 1291 1220 1331 finibus
1250 1292 1323 1331 sub
1352 1291 1446 1331 divo
1474 1292 1655 1343 Augusto

223 1372 241 1404 5
262 1357 504 1408 Tiberioque
568 1357 811 1409 principibus
876 1356 1101 1409 proconsuli
1166 1357 1368 1408 parebant.
1447 1369 1541 1395 mox
1604 1357 1653 1396 G.

261 1422 418 1471 Caesar,
444 1422 625 1462 turbidus
652 1422 774 1462 animi
797 1435 844 1461 ac
871 1424 1053 1461 Marcum
1074 1421 1251 1462 Silanum
1279 1420 1527 1461 obtinentem
1556 1420 1655 1460 Afri-

261 1499 348 1526 cam
387 1494 578 1535 metuens‚
619 1488 791 1526 ablatam
830 1486 1057 1538 proconsuli
1095 1486 1293 1538 legionem
1330 1485 1456 1526 misso
1488 1485 1531 1525 in
1566 1499 1655 1525 eam

260 1564 343 1590 rem
382 1553 511 1602 legato
549 1551 720 1591 tradidit.
779 1558 969 1602 aequatus
1001 1551 1102 1591 inter
1140 1552 1240 1591 duos
1272 1549 1557 1591 beneficiorum
1586 1564 1655 1590 nu-

261 1630 402 1664 merus,
431 1623 470 1656 et
496 1616 624 1655 mixtis
649 1615 854 1667 utriusque
878 1616 1074 1656 mandatis
1099 1615 1298 1656 discordia
1322 1615 1500 1667 quaesita
1526 1623 1656 1656 aucta-

203 1698 242 1720 ιο
261 1694 339 1732 que
365 1695 486 1732 pravo
510 1681 742 1733 certamine.
793 1683 1011 1732 legatorum
1036 1681 1096 1721 ius
1120 1680 1293 1721 adolevit
1320 1680 1578 1720 diuturnitate
1601 1682 1657 1720 of-

261 1746 350 1794 ficii,
390 1748 451 1786 vel
490 1747 582 1798 quia
620 1746 838 1786 minoribus
877 1746 1001 1786 maior
1036 1745 1263 1786 aemulandi
1301 1759 1407 1796 cura,
1443 1759 1656 1798 proconsu-

261 1813 344 1850 lum
370 1811 712 1862 splendidissimus
736 1811 904 1862 quisque
929 1811 1126 1851 securitati
1155 1811 1278 1863 magis
1307 1825 1427 1863 quam
1455 1812 1655 1863 potentiae

261 1876 534 1916 consulebant.

182 1951 240 1991 49
422 1941 500 1980 Sed
533 1948 617 1980 tum
647 1940 842 1992 legionem
874 1941 915 1980 in
940 1941 1072 1981 Africa
1101 1941 1261 1992 regebat
1284 1940 1466 1981 Valerius
1500 1942 1653 1991 Festus,

261 2055 303 2086 27
326 2046 525 2087 §cesserant
544 2045 587 2076 M
715 2046 758 2076 28
783 2045 911 2085 recepti
928 2045 1044 2077 Gerber
1171 2055 1215 2085 30
1237 2044 1327 2085 quod
1345 2044 1388 2076 M

305 2095 364 2130 47.
394 2099 408 2120 1
434 2089 671 2127 utilv'ideretur
687 2089 746 2121 M:
774 2094 810 2120 ut
835 2090 881 2120 ita
895 2089 1064 2120 videretur
1075 2088 1169 2127 John
1343 2099 1364 2128 4
1388 2088 1541 2129 abrogati
1566 2088 1654 2121 det.:

261 2132 434 2172 abroganti
451 2131 493 2163 M
646 2135 667 2164 6
691 2131 844 2173 ductum]
865 2133 1037 2164 decretum
1055 2131 1199 2163 tentabat
1219 2131 1338 2163 Wurm
1494 2143 1513 2172 7
1537 2137 1572 2164 et
1587 2133 1653 2164 ima

260 2175 439 2217 Agricola:
463 2175 563 2207 etiam
582 2176 624 2206 M
1014 2193 1032 2211 a

305 2218 366 2260 48.
392 2229 412 2249 2
435 2228 539 2258 supra
556 2221 726 2259 repetiero
743 2219 929 2251 Rhenanus
945 2230 951 2250 :
975 2229 1039 2259 sup
1058 2219 1186 2259 petiero
1202 2219 1244 2249 M
1399 2227 1419 2258 5
1442 2219 1651 2260 principibus

261 2261 318 2294 del.
342 2261 449 2302 opita,
467 2261 537 2293 coll.
556 2262 577 2294 i.
594 2263 647 2303 89,
662 2263 820 2303 probante
835 2262 988 2293 Heraeus
1090 2263 1112 2292 6
1135 2261 1279 2293 turbidis
1295 2261 1343 2303 M,
1363 2271 1442 2294 corr.
1461 2262 1504 2293 M
1507 2261 1519 2281 ¹
1596 2262 1651 2304 ac]

260 2305 366 2380 Zffmillls
383 2349 424 2380 M
520 2315 559 2336 10
582 2306 635 2337 ius
663 2309 700 2336 ut
729 2305 858 2336 videtur
888 2305 946 2336 M:
987 2306 1038 2337 vis
1070 2303 1140 2344 M2,
1174 2304 1273 2346 vulgo
1421 2315 1462 2336 12
1484 2305 1651 2346 splendis-

306 2399 372 2433 49.
402 2403 415 2423 1
442 2392 577 2424 africam
596 2391 644 2432 M,
661 2403 738 2424 corr.
758 2391 814 2423 M³
