1748 2826
1 56 58 116 ²?

442 125 853 167 HISTORIARVM
885 124 1058 163 LIBER
1089 123 1131 162 II
1472 124 1514 162 ΙΙ
1536 132 1563 170 4

270 239 387 281 Titus
413 245 590 292 spectata
613 237 819 290 opulentia
842 236 1041 288 donisque
1064 250 1201 288 regum
1229 248 1412 287 quaeque
1441 235 1517 275 alia
1536 244 1562 282 4

106 306 255 348 laetum
301 304 605 357 antiquitatibus
649 305 895 344 Graecorum
941 316 1068 354 genus
1115 302 1289 342 incertae
1331 301 1516 341 vetustati

106 372 285 425 adfingit,
314 373 366 412 de
394 370 647 422 navigatione
675 369 850 421 primum
878 367 1091 408 consuluit.
1150 375 1363 420 postquam
1393 366 1517 417 pandi

107 438 211 479 viam
239 445 280 478 et
313 450 421 477 mare
449 449 685 488 prosperum
715 433 882 486 accepit,
913 435 967 475 de
999 447 1042 473 se
1075 446 1146 485 per
1178 433 1367 483 ambages
1401 431 1517 471 inter-

105 510 217 556 rogat
257 501 383 543 caesis
427 500 700 552 compluribus
739 500 890 540 hostiis.
963 499 1163 539 Sostratus
1199 497 1436 550 (sacerdotis
1474 497 1515 538 id
1536 509 1554 542 5

105 581 256 609 nomen
293 565 396 620 erat)
428 565 498 606 ubi
531 567 635 605 laeta
667 572 708 605 et
739 565 1002 616 congruentia
1032 571 1122 604 exta
1156 564 1391 615 magnisque
1423 576 1517 602 con-

102 633 219 681 ¹sultis
255 634 434 674 adnuere
471 632 589 672 deam
623 630 743 680 videt,
778 643 907 682 pauca
943 629 985 669 in
1018 642 1206 682 praesens
1241 635 1280 668 et
1314 627 1429 668 solita
1461 641 1518 667 re-

106 700 322 752 spondem,
344 697 471 750 petito
497 703 651 737 secreto
670 697 801 736 futura
825 694 963 747 aperit.
1022 694 1137 734 Titus
1157 701 1276 734 aucto
1302 693 1439 733 animo
1465 694 1518 732 ad

106 772 259 817 patrem
310 770 520 816 pervectus
579 761 782 813 suspensis
833 759 1128 812 provinciarum
1181 766 1221 799 et
1274 758 1517 799 exercituum

106 828 310 870 mentibus
335 828 481 879 ingens
509 841 642 867 rerum
671 825 820 866 fiducia
847 826 1026 865 accessit.
1543 833 1582 856 10

162 894 443 946 Profligaverat
498 893 650 932 bellum
708 891 918 932 Iudaicum
975 890 1259 942 Vespasianus,
1316 890 1520 941 obpugna-

107 960 218 1001 tione
251 959 626 1010 Hierosolymorum
665 957 827 1008 reliqua,
864 958 966 996 duro
1000 955 1124 1007 magis
1163 963 1203 996 et
1240 957 1367 996 arduo
1400 969 1520 1008 opere

108 1026 163 1066 ob
190 1024 396 1077 ingenium
425 1024 573 1063 montis
602 1030 642 1063 et
671 1022 933 1074 pervicaciam
963 1021 1254 1073 superstitionis
1288 1035 1410 1072 quam
1439 1035 1521 1073 quo

108 1090 204 1131 satis
240 1089 383 1130 virium
421 1088 595 1129 obsessis
633 1089 686 1128 ad
725 1089 951 1128 tolerandas
990 1086 1246 1127 necessitates
1285 1095 1518 1138 superesset.

108 1163 198 1206 treS,
227 1163 274 1196 ut
300 1168 420 1207 supra
447 1154 768 1202 memoravimus,
800 1153 875 1205 ipsi
904 1153 1154 1204 Vespasiano
1185 1152 1364 1204 legiones
1397 1160 1520 1202 erant,
1545 1168 1583 1200 15

107 1220 302 1262 exercitae
335 1220 467 1261 bello:
510 1227 700 1271 quattuor
734 1218 949 1258 Mucianus
984 1218 1194 1258 obtinebat
1227 1219 1269 1257 in
1303 1231 1416 1269 pace,
1450 1219 1521 1258 sed

107 1286 324 1327 aemulatio
359 1293 401 1327 et
444 1284 615 1338 proximi
653 1283 847 1325 exercitus
885 1283 1009 1335 gloria
1047 1284 1254 1334 depulerat
1297 1283 1518 1334 segnitiam,

108 1359 386 1406 quantumque
422 1350 499 1391 illis
541 1350 695 1390 roboris
737 1349 968 1390 discrimina
1012 1356 1052 1388 et
1093 1350 1217 1398 labor,
1257 1355 1414 1388 tantum
1460 1348 1521 1388 his

108 1419 252 1472 vigoris
298 1417 509 1458 addiderat
551 1415 704 1468 integra
746 1415 859 1467 quies
903 1422 942 1455 et
984 1414 1178 1466 inexperti
1221 1414 1315 1454 belli
1360 1414 1519 1456 †labor.

107 1483 254 1526 auxilia
284 1483 444 1536 utrique
477 1481 705 1524 cohortium
738 1483 972 1533 alarumque
1005 1488 1045 1521 et
1078 1482 1225 1520 classes
1254 1493 1446 1532 regesque
1475 1493 1522 1520 ac
1545 1492 1586 1515 20

108 1562 259 1591 nomen
278 1548 427 1602 dispari
447 1550 553 1589 fama
572 1548 744 1590 celebre.

271 1614 543 1667 Vespasianus
599 1628 691 1655 acer
746 1612 911 1653 militiae
966 1611 1117 1652 anteire
1172 1625 1328 1664 agmen,
1387 1613 1521 1651 locum
1542 1620 1568 1660 5

109 1681 246 1722 castris
283 1693 436 1733 capere,
483 1687 606 1720 noctu
651 1679 804 1731 diuque
846 1678 1014 1719 consilio
1052 1691 1110 1726 ac,
1152 1677 1184 1717 si
1229 1691 1290 1718 res
1328 1685 1522 1730 posceret,

109 1760 233 1787 manu
264 1745 449 1787 hostibus
487 1745 626 1794 obniti,
667 1746 760 1786 cibo
798 1744 971 1793 fortuito,
1005 1751 1114 1784 veste
1153 1743 1374 1795 habituque
1406 1743 1472 1784 vix
1501 1758 1525 1784 a

108 1811 287 1865 gregario
316 1811 442 1852 milite
470 1812 700 1863 discrepans
715 1827 726 1861 3
764 1824 935 1862 prorsus,
968 1810 1000 1850 si
1031 1809 1193 1850 avaritia
1226 1810 1395 1859 abesset,
1427 1812 1524 1850 anti-

110 1877 200 1930 quis
218 1877 391 1919 ducibus
411 1891 491 1930 par.
551 1878 789 1918 Mucianum
807 1891 829 1917 e
845 1876 1043 1917 contrario
1060 1875 1354 1927 magnificentia
1370 1883 1409 1916 et
1425 1889 1523 1927 opes
1545 1887 1563 1921 5

109 1951 150 1985 et
182 1951 328 1985 cuncta
361 1943 558 1996 privatum
597 1945 765 1983 modum
800 1956 1051 1995 supergressa
1085 1941 1328 1982 extollebant
1344 1956 1354 1990 ;
1394 1943 1524 1994 aptior

110 2023 306 2059 sermone,
341 2009 539 2062 dispositu
568 2008 810 2061 provisuque
839 2007 1014 2048 civilium
1044 2021 1174 2047 rerum
1204 2007 1378 2059 peritus:
1419 2021 1524 2059 egre-

110 2075 220 2128 gium
248 2075 492 2128 principatus
521 2081 892 2127 temperamentum,
920 2073 952 2113 si
982 2072 1155 2125 demptis
1184 2072 1390 2124 utriusque
1419 2072 1523 2113 vitiis

155 2197 194 2233 4.
219 2199 242 2230 3
264 2189 412 2222 consulit
427 2188 537 2222 Halm
552 2199 659 2222 errore
674 2193 714 2221 ut
727 2188 858 2222 videtur
943 2199 964 2228 4
985 2187 1211 2230 peramlbales
1228 2186 1269 2218 M
1367 2196 1387 2228 5
1411 2196 1525 2219 sacer-

111 2233 202 2267 dotis
211 2237 242 2266 et
255 2234 292 2266 in
305 2234 459 2276 margine
474 2234 517 2265 tis
529 2233 570 2265 M
573 2233 585 2254 ¹
600 2245 608 2266 z
633 2234 827 2266 sacerdotib
839 2232 958 2274 quippe
966 2231 1201 2264 sacerdotibus
1211 2232 1527 2274 scripturusfuerat

111 2278 171 2312 M:
194 2278 365 2311 sacerdoti
381 2277 545 2310 Heinsius
682 2288 718 2310 11
747 2277 845 2309 Iudei
862 2287 937 2309 cum
953 2276 994 2308 M
1106 2278 1146 2307 16
1168 2276 1307 2318 obtilbat
1325 2275 1368 2307 M
1484 2286 1524 2316 19

112 2322 333 2364 inexpertum
342 2322 470 2355 bellum
479 2321 662 2364 Nipperdey
749 2322 844 2354 labor
854 2320 897 2352 M
907 2333 915 2354 ε
938 2321 1038 2353 ardor
1050 2320 1242 2352 Rhenanus
1255 2332 1262 2352 ε
1285 2330 1382 2352 amor
1396 2318 1523 2352 Orelli:

112 2366 224 2408 pudor
239 2365 360 2400 Nova'k
376 2378 384 2399 :
407 2366 504 2400 dolor
519 2365 658 2401 Meiser:
683 2366 787 2399 rubor
800 2365 997 2400 Andresen:
1023 2375 1124 2398 casus
1146 2365 1199 2398 W.
1216 2364 1370 2396 Heraeus

1395 2408 1435 2440 5*
