1748 2826
178 150 242 188 111
260 151 316 199 56
708 151 986 192 CORNELII
1015 152 1212 194 TACITI

203 276 242 309 ¹5
262 270 346 302 tum
382 263 662 304 trucidandum
691 263 1010 314 capiendumque
1043 263 1214 312 tradidit,
1245 263 1489 316 peritissimis
1521 271 1655 306 centu·

261 328 419 368 rionum
457 328 781 368 dissentientibus
822 335 871 377 et,
913 328 946 368 si
987 330 1296 377 consulerentur,
1339 342 1431 368 vera
1478 328 1654 369 dicturis.

260 406 420 432 arcuere
453 407 521 433 eos
554 392 683 432 intimi
720 393 938 433 amicorum
971 392 1132 441 Vitellii,
1165 392 1220 432 ita
1254 393 1430 433 formatis
1467 393 1655 446 principis

259 458 420 498 auribus
450 466 493 498 ut
526 472 665 510 aspera
695 468 803 509 quae>
831 457 951 506 utilia,
981 471 1055 498 nec
1085 457 1305 509 quidquam
1335 457 1411 498 nisi
1434 457 1655 499 iucundum

259 530 299 562 et
318 524 516 563 laesurum
535 523 742 574 acciperet.

189 594 239 635 57
422 589 503 628 Sed
535 589 702 628 classem
733 586 1005 627 Misenensem
1039 586 1211 639 (tantum
1239 586 1419 627 civilibus
1447 586 1654 628 discordiis

260 652 381 692 etiarn
402 652 648 704 singulorum
670 652 838 692 audacia
857 653 977 703 valet)
999 651 1192 692 Claudius
1209 652 1450 692 Faventinus
1476 651 1655 692 centurio

259 730 330 768 per
356 716 615 768 ignominiam
635 730 658 755 a
683 717 811 756 Galba
831 716 1016 756 dimissus
1041 718 1093 756 ad
1113 716 1379 757 defectionem
1407 716 1531 765 traxit,
1553 715 1655 770 fictis

259 781 495 833 Vespasiani
522 780 699 832 epistulis
728 780 899 831 pretium
928 780 1162 832 proditionis
1196 788 1410 822 ostentans.
1478 787 1654 833 praeerat

220 860 238 892 5
258 846 374 886 classi
404 846 596 887 Claudius
625 845 875 897 Apollinaris,
905 858 1036 896 neque
1065 845 1157 885 fidei
1189 853 1376 886 constans
1404 859 1535 898 neque
1562 851 1655 885 stre-

258 925 362 951 nuus
393 911 433 950 in
465 910 630 962 perfidia
645 924 656 959 ς
686 917 725 950 et
755 909 925 961 Apinius
956 909 1051 949 Tiro
1084 917 1265 961 praetura
1297 911 1458 951 functus
1486 923 1535 952 ac
1566 918 1652 951 tum

258 977 358 1015 forte
376 974 590 1014 Minturnis
609 987 730 1026 agens
750 975 894 1014 ducern
915 987 958 1014 se
977 974 1244 1014 defectoribus
1263 974 1417 1015 obtulit.
1465 988 1490 1015 a
1507 974 1653 1026 quibus

259 1039 479 1092 municipia
507 1039 768 1090 coloniaeque
797 1038 1001 1090 impulsae,
1032 1039 1246 1091 praecipuo
1275 1041 1582 1080 Puteolanorum
1611 1039 1654 1080 in

257 1105 549 1157 Vespasianum
576 1105 720 1153 studio,
748 1112 886 1144 contra
909 1106 1049 1156 Capua
1067 1104 1230 1145 Vitellio
1253 1105 1344 1153 fida,
1369 1103 1652 1156 municipalem

199 1185 239 1207 10
256 1170 565 1211 aemulationem
592 1171 705 1211 bellis
732 1171 912 1211 civilibus
939 1171 1171 1211 miscebant.
1229 1170 1412 1210 Vitellius
1437 1170 1652 1212 Claudium

258 1234 457 1274 Iulianum
480 1235 528 1287 (is
548 1249 674 1287 nuper
693 1237 857 1275 classem
880 1235 1151 1276 Misenensem
1172 1237 1281 1275 molli
1301 1235 1468 1287 imperio
1485 1235 1652 1288 rexerat)

256 1300 549 1352 permulcendis
571 1300 739 1340 militum
762 1300 905 1340 animis
925 1300 1071 1352 delegit
1083 1315 1095 1350 3
1123 1301 1215 1340 data
1234 1300 1275 1339 in
1295 1300 1482 1340 auxilium
1501 1301 1652 1340 urbana

257 1366 401 1405 cohors
433 1372 471 1404 et
502 1365 749 1416 gladiatores,
783 1365 928 1416 quibus
965 1365 1141 1405 Iulianus
1175 1373 1362 1417 praeerat.
1422 1372 1466 1405 ut
1494 1366 1652 1405 conlata

257 1429 455 1481 utrimque
488 1438 624 1479 castra,
657 1431 765 1470 haud
797 1443 940 1481 magna
972 1431 1225 1471 cunctatione
1260 1430 1416 1471 Iuliano
1453 1430 1494 1470 in
1530 1431 1650 1482 partis

199 1506 237 1539 15
257 1494 492 1546 Vespasiani
538 1502 790 1546 transgresso,
840 1494 1095 1534 Tarracinam
1142 1509 1398 1547 occupavere,
1441 1495 1650 1536 moenibus

257 1562 416 1611 situque
445 1559 569 1610 magis
598 1573 718 1610 quam
748 1559 924 1610 ipsorum
955 1559 1114 1610 ingenio
1142 1567 1279 1600 tutam.

184 1626 236 1674 58
419 1625 534 1674 Quae
572 1624 641 1663 ubi
675 1623 837 1664 Vitellio
877 1624 1046 1675 cognita,
1087 1632 1197 1675 parte
1233 1624 1437 1676 copiarum
1475 1624 1650 1666 Narniae

258 1703 349 1728 eum
376 1688 583 1740 praefectis
607 1688 790 1740 praetorii
821 1688 955 1728 relicta
984 1691 1025 1728 L.
1053 1688 1259 1729 Vitellium
1281 1691 1439 1730 fratrem
1463 1702 1556 1742 cum
1581 1703 1650 1730 sex

255 1754 486 1793 cohortibus
515 1761 554 1793 et
582 1753 809 1805 quingentis
838 1754 1038 1805 equitibus
1067 1754 1262 1806 ingruenti
1289 1768 1359 1806 per
1387 1753 1648 1806 Campaniam

256 1820 361 1858 bello
385 1819 582 1870 opposuit.
642 1821 725 1871 ipse
749 1833 864 1870 aeger
888 1818 1010 1858 animi
1039 1819 1178 1858 studiis
1207 1819 1377 1859 militum
1405 1827 1446 1859 et
1473 1819 1651 1860 clamori-

218 1895 236 1927 5
256 1885 331 1923 bus
359 1883 496 1934 populi
525 1897 634 1923 arma
662 1883 862 1934 poscentis
889 1884 1146 1931 refovebatur,
1178 1884 1275 1923 dum
1298 1885 1436 1935 vulgus
1462 1884 1647 1935 ignavum

255 1955 295 1987 et
323 1948 421 1987 nihil
452 1950 553 1987 ultra
571 1949 692 1988 verba
718 1962 906 1988 ausurum
935 1949 1032 1988 falsa
1057 1948 1189 1999 specie
1221 1948 1435 1988 exercitum
1463 1955 1503 1988 et
1531 1949 1650 2000 legio-

255 2026 325 2052 nes
345 2014 527 2064 appellat.
587 2013 835 2053 hortantibus
858 2012 1006 2052 libertis
1026 2011 1136 2063 (nam
1156 2012 1373 2053 amicorum
1393 2012 1478 2053 eius
1497 2021 1647 2065 quanto

254 2077 343 2128 quis
376 2077 524 2125 clarior,
557 2077 687 2117 minus
716 2078 836 2129 fidus)
866 2077 996 2117 vocari
1024 2077 1149 2117 tribus
1175 2077 1299 2127 iubet,
1326 2078 1456 2118 dantis
1484 2077 1648 2118 nomina

258 2191 295 2220 17
320 2191 459 2214 arcuere
473 2182 626 2224 Lspsius:
650 2181 849 2223 arguereM
935 2182 975 2212 18
997 2191 1117 2221 aspere
1127 2181 1303 2223 Bz'pontini
1389 2191 1430 2223 19
1450 2181 1647 2223 acciperent

246 2225 411 2309 Γαέῗκξ
426 2268 559 2309 forltem
576 2269 722 2300 inturnis
739 2268 781 2299 M
941 2269 963 2299 8
986 2268 1190 2309 praecipuae
1205 2267 1254 2309 M,
1274 2278 1356 2300 corr.
1374 2267 1431 2299 M1
1605 2278 1647 2300 10

256 2311 408 2343 claudius
424 2311 473 2350 M,
489 2323 568 2344 corr.
588 2312 643 2342 Ml
1236 2332 1238 2334 >

300 2354 360 2395 58.
388 2365 408 2385 2
432 2355 611 2394 praetoriis
637 2354 686 2396 M,
716 2366 795 2387 corr.
826 2354 882 2386 M1
1015 2355 1036 2386 8
1060 2354 1161 2397 iubet}
1195 2354 1253 2387 M:
1291 2353 1384 2386 iubet
1414 2359 1449 2386 et
1480 2354 1646 2387 malebam

257 2399 377 2429 dantes
394 2398 453 2431 det.
468 2411 474 2431 :
501 2399 602 2430 dante
622 2398 664 2430 M
675 2409 683 2430 ε
707 2399 842 2431 dantem
855 2397 960 2437 Jacob
1175 2419 1179 2421 >
1538 2415 1547 2419 ·-
1632 2424 1638 2427 .
