1748 2826
172 137 214 176 11
234 149 292 187 49
683 140 960 181 CORNELII
989 141 1183 183 TAC1T1
1239 122 1246 127 ⁷

236 251 460 292 insomnem
494 251 595 303 egit:
635 253 723 292 luce
751 251 877 304 prima
905 252 945 292 in
975 254 1118 292 ferrum
1147 260 1308 305 pectore
1337 253 1529 294 incubuit,
1578 255 1631 294 ad

235 317 426 368 gemitum
455 317 657 358 morientis
685 317 847 369 ingressi
873 318 1001 358 liberti
1028 318 1210 370 servique
1238 327 1278 359 et
1304 319 1455 360 Plotius
1476 317 1631 360 Firmus

237 381 419 434 praetorii
451 383 671 434 praefectus
705 396 829 422 unum
866 384 1008 423 vulnus
1046 383 1243 424 invenere.
1309 386 1428 424 funus
1465 390 1631 424 matura-

237 455 322 486 tum
336 461 348 496 ;
385 446 604 487 ambitiosis
638 447 679 488 id
710 447 892 500 precibus
925 448 1089 500 petierat
1125 462 1176 488 ne
1213 456 1481 501 amputaretur
1512 455 1632 501 caput

181 526 218 558 15
237 511 409 552 ludibrio
446 513 631 553 futurum.
707 514 830 553 tulere
868 526 1010 566 corpus
1054 513 1271 566 praetoriae
1311 515 1495 555 cohortes
1537 527 1631 555 cum

238 576 421 618 laudibus
460 585 499 618 et
543 578 722 627 lacrimis,
762 580 904 618 vulnus
951 593 1173 631 manusque
1213 579 1297 620 eius
1344 581 1628 620 exosculantes.

237 642 399 694 quidam
429 642 598 683 militum
627 643 733 683 iuxta
760 657 899 695 rogum
927 644 1156 684 interfecere
1185 658 1238 693 se,
1259 657 1341 684 non
1370 658 1474 684 noxa
1500 657 1651 697 neque*

237 708 291 747 ob
319 715 480 756 metum,
504 709 574 748 sed
602 708 867 748 aemulatione
895 708 1049 748 decoris
1078 715 1117 749 et
1145 709 1306 749 caritate
1330 707 1527 761 principis.
1582 721 1632 750 ac

235 780 374 825 postea
402 772 597 825 promisce
628 772 817 821 Bedriaci,
851 773 1076 814 Placentiae
1104 773 1270 826 aliisque
1298 774 1339 813 in
1368 773 1505 814 castris
1531 772 1633 815 cele-

177 855 217 878 20
234 838 391 878 bratum
421 837 462 878 id
490 851 613 889 genus
648 839 795 877 mortis.
854 837 1005 879 Othoni
1040 840 1294 890 sepulchrum
1321 845 1543 879 extructum
1570 845 1632 880 est

236 903 440 943 modicum
461 910 500 942 et
525 915 766 942 mansurum.
824 903 932 943 hunc
954 905 1056 943 vitae
1083 904 1204 944 finem
1230 902 1368 944 habuit
1397 903 1567 956 septimo
1591 910 1632 944 et

235 968 464 1008 tricensimo
483 967 621 1008 aetatis
641 981 757 1008 anno.

165 1040 217 1080 50
398 1032 521 1084 Origo
570 1032 625 1071 illi
668 1046 691 1072 e
735 1032 955 1085 municipio
1003 1033 1198 1084 Ferentio,
1244 1042 1356 1086 pater
1400 1033 1629 1084 consularis,

236 1112 331 1138 avus
365 1097 608 1149 praetorius,
644 1105 864 1138 maternum
893 1112 1017 1150 genus
1051 1101 1176 1151 impar
1209 1112 1284 1139 nec
1312 1107 1446 1140 tamen
1474 1098 1633 1140 indeco-

232 1175 333 1202 rum.
392 1162 559 1214 pueritia
577 1176 624 1203 ac
645 1162 813 1212 iuventa,
837 1166 994 1215 qualem
1021 1165 1339 1205 monstravimus.
1396 1164 1554 1205 duobus
1579 1165 1632 1205 fa-

236 1228 449 1276 cinoribus,
488 1229 612 1268 altero
659 1228 973 1280 flagitiosissimo,
1020 1231 1143 1269 altero
1189 1228 1356 1281 egregio,
1394 1230 1631 1271 tantundem

200 1307 218 1340 5
237 1295 344 1345 apud
370 1300 549 1346 posteros
579 1294 720 1334 meruit
750 1294 879 1334 bonae
905 1296 1032 1335 famae
1053 1301 1245 1346 quantum
1273 1295 1409 1335 malae.
1468 1301 1514 1335 ut
1539 1307 1632 1336 con-

237 1359 391 1411 quirere
421 1360 601 1399 fabulosa
633 1367 672 1399 et
707 1359 807 1399 fictis
837 1360 1036 1399 oblectare
1066 1360 1280 1411 legentium
1310 1360 1465 1401 animos
1493 1361 1631 1413 procul

236 1425 425 1476 gravitate
461 1423 593 1476 coepti
631 1424 759 1476 operis
805 1424 1050 1473 crediderim,
1092 1425 1144 1464 ita
1182 1424 1348 1477 vulgatis
1395 1424 1631 1478 traditisque

237 1493 397 1531 demere
417 1491 537 1530 fidem
559 1502 639 1530 non
660 1490 797 1529 ausim.
857 1490 931 1538 die,
955 1504 1035 1542 quo
1057 1490 1237 1531 Bedriaci
1263 1491 1496 1540 certabatur,
1517 1505 1630 1532 avem

237 1556 434 1595 invisitata
463 1554 594 1606 specie
622 1555 730 1606 apud
760 1555 930 1606 Regium
961 1555 1158 1607 Lepidum
1190 1555 1336 1596 celebri
1368 1557 1460 1596 luco
1493 1569 1631 1596 conse-

179 1638 219 1660 10
237 1619 344 1659 disse
371 1619 524 1659 incolae
554 1626 783 1667 memorant,
802 1633 880 1659 nec
910 1619 1056 1660 deinde
1085 1627 1201 1660 coetu
1230 1621 1439 1660 hominum
1469 1628 1537 1661 aut
1562 1621 1628 1660 cir-

238 1684 580 1724 cumvolitantium
597 1684 733 1724 alitum
760 1684 931 1724 territam
958 1687 1176 1736 pulsamve,
1195 1686 1326 1725 donec
1346 1686 1456 1726 Otho
1479 1699 1523 1726 se
1547 1685 1631 1738 ipse

238 1750 474 1790 interficeret
488 1765 498 1799 3
527 1757 611 1790 turn
640 1750 811 1790 ablatam
838 1764 885 1790 ex
908 1750 1056 1790 oculis:
1086 1758 1125 1791 et
1154 1758 1333 1802 tempora
1358 1750 1630 1803 reputantibus

238 1815 395 1855 initium
414 1817 615 1867 finemque
635 1815 811 1855 miraculi
831 1829 923 1855 cum
944 1815 1115 1856 Othonis
1135 1815 1241 1855 exitu
1260 1815 1511 1868 competisse.

176 1890 220 1930 51
402 1882 450 1920 In
478 1883 614 1921 funere
640 1881 723 1920 eius
745 1888 889 1920 novata
914 1882 1023 1920 luctu
1042 1895 1089 1920 ac
1109 1882 1246 1921 dolore
1274 1880 1445 1920 militum
1473 1878 1628 1929 seditio,

238 1959 312 1986 nec
346 1954 427 1986 erat
458 1946 525 1998 qui
560 1954 766 1986 coerceret.
825 1948 876 1986 ad
903 1946 1135 1998 Verginium
1162 1944 1274 1995 versi,
1307 1947 1430 1986 modo
1462 1952 1507 1985 ut
1538 1947 1631 1985 reci-

237 2019 347 2063 peret
376 2011 594 2062 imperium,
623 2026 730 2051 nunc
760 2018 802 2050 ut
831 2012 1026 2063 legatione
1054 2013 1161 2063 apud
1182 2011 1396 2052 Caecinam
1421 2023 1470 2051 ac
1489 2012 1633 2050 Valen-

238 2083 318 2116 tem
352 2078 587 2128 fungeretur,
622 2075 847 2116 minitantes
881 2076 1069 2116 orabant:
1110 2075 1319 2127 Verginius
1352 2089 1422 2127 per
1453 2087 1629 2116 aversam

241 2189 280 2211 12
303 2179 439 2220 gemitui
458 2179 499 2210 M
630 2190 669 2220 19
692 2179 902 2211 celebratum
915 2179 958 2211 M
1551 2185 1554 2189 '
1685 2216 1688 2219 .

283 2230 345 2265 50.
373 2234 388 2254 1
415 2223 597 2255 Ferentino
614 2223 689 2262 det„
707 2222 816 2255 Halm
941 2234 958 2264 7
982 2223 1148 2264 gravitate
1164 2221 1241 2256 M¹z
1266 2222 1466 2263 gravitatem
1481 2221 1526 2255 M
1607 2233 1632 2264 9

239 2267 314 2299 loco
332 2266 465 2298 Colerus
608 2277 648 2298 10
670 2277 780 2307 neque
796 2267 874 2298 inde
890 2266 1039 2299 Petersen
1195 2276 1234 2298 12
1257 2266 1376 2309 ablata!
1394 2264 1437 2297 M
1590 2276 1631 2307 13

234 2314 325 2361 post.
345 2310 493 2342 miraculi
531 2309 687 2342 lacunam
718 2311 903 2351 suspicatus
935 2311 1054 2343 Meiser
1081 2320 1157 2342 cum
1196 2310 1293 2342 initio
1323 2319 1457 2351 pugnae
1487 2314 1522 2342 et
1553 2315 1631 2351 sup-

235 2354 338 2439 plegit.
361 2408 381 2429 2
404 2398 602 2438 vergenium
618 2397 666 2439 M,
685 2398 761 2429 item
776 2408 805 2430 v.
825 2409 845 2437 4
988 2409 1008 2437 4
1031 2398 1205 2430 adversam
1221 2397 1264 2428 M
