<?xml version="1.0" encoding="UTF-8"?>
<!DOCTYPE html PUBLIC "-//W3C//DTD XHTML 1.0 Transitional//EN"
    "http://www.w3.org/TR/xhtml1/DTD/xhtml1-transitional.dtd">
<html xmlns="http://www.w3.org/1999/xhtml" xml:lang="en" lang="en">
 <head>
  <title>
</title>
<meta http-equiv="Content-Type" content="text/html;charset=utf-8" />
  <meta name='ocr-system' content='tesseract 3.04.00' />
  <meta name='ocr-capabilities' content='ocr_page ocr_carea ocr_par ocr_line ocrx_word'/>
</head>
<body>
  <div class='ocr_page' id='page_1' title='image "./historiarumlibri00taciuoft_0259.png"; bbox 0 0 1748 2826; ppageno 0'>
   <div class='ocr_carea' id='block_1_1' title="bbox 504 133 1595 208">
    <p class='ocr_par' dir='ltr' id='par_1_1' title="bbox 504 133 1595 208">
     <span class='ocr_line' id='line_1_1' title="bbox 504 133 1595 208; baseline -0.002 -8"><span class='ocrx_word' id='word_1_1' title='bbox 504 133 911 201; x_wconf 73' lang='lat' dir='ltr'>HISTORIARVM</span> <span class='ocrx_word' id='word_1_2' title='bbox 944 161 1117 200; x_wconf 82' lang='lat' dir='ltr'><strong>LIBER</strong></span> <span class='ocrx_word' id='word_1_3' title='bbox 1145 162 1183 199; x_wconf 83' lang='lat' dir='ltr'><strong>v</strong></span> <span class='ocrx_word' id='word_1_4' title='bbox 1482 162 1519 198; x_wconf 87' lang='lat' dir='ltr'><strong>v</strong></span> <span class='ocrx_word' id='word_1_5' title='bbox 1541 167 1595 208; x_wconf 87' lang='lat'>25</span> 
     </span>
    </p>
   </div>
   <div class='ocr_carea' id='block_1_2' title="bbox 64 271 1604 1762">
    <p class='ocr_par' dir='ltr' id='par_1_2' title="bbox 109 271 1588 856">
     <span class='ocr_line' id='line_1_2' title="bbox 109 271 1522 321; baseline -0.006 -3"><span class='ocrx_word' id='word_1_6' title='bbox 109 289 244 318; x_wconf 85' lang='lat' dir='ltr'>rorum</span> <span class='ocrx_word' id='word_1_7' title='bbox 266 289 389 317; x_wconf 87' lang='lat' dir='ltr'>onera</span> <span class='ocrx_word' id='word_1_8' title='bbox 412 274 636 315; x_wconf 88' lang='lat' dir='ltr'>sociorum:</span> <span class='ocrx_word' id='word_1_9' title='bbox 668 272 743 312; x_wconf 91' lang='lat' dir='ltr'>sibi</span> <span class='ocrx_word' id='word_1_10' title='bbox 769 286 852 312; x_wconf 90' lang='lat' dir='ltr'>non</span> <span class='ocrx_word' id='word_1_11' title='bbox 876 271 1036 321; x_wconf 90' lang='lat' dir='ltr'>tributa,</span> <span class='ocrx_word' id='word_1_12' title='bbox 1061 273 1132 312; x_wconf 88' lang='lat' dir='ltr'>sed</span> <span class='ocrx_word' id='word_1_13' title='bbox 1153 271 1338 312; x_wconf 89' lang='lat' dir='ltr'>virtutem</span> <span class='ocrx_word' id='word_1_14' title='bbox 1359 279 1398 311; x_wconf 92' lang='lat' dir='ltr'>et</span> <span class='ocrx_word' id='word_1_15' title='bbox 1418 272 1522 311; x_wconf 90' lang='lat' dir='ltr'>viros</span> 
     </span>
     <span class='ocr_line' id='line_1_3' title="bbox 109 324 1587 394; baseline -0.005 -11"><span class='ocrx_word' id='word_1_16' title='bbox 109 341 246 384; x_wconf 82' lang='lat' dir='ltr'>indici.</span> <span class='ocrx_word' id='word_1_17' title='bbox 303 342 528 394; x_wconf 88' lang='lat' dir='ltr'>proximum</span> <span class='ocrx_word' id='word_1_18' title='bbox 560 340 601 380; x_wconf 90' lang='lat' dir='ltr'>id</span> <span class='ocrx_word' id='word_1_19' title='bbox 632 324 802 379; x_wconf 80' lang='lat' dir='ltr'>libertati</span> <span class='ocrx_word' id='word_1_20' title='bbox 816 352 827 388; x_wconf 86' lang='lat'><em>3</em></span> <span class='ocrx_word' id='word_1_21' title='bbox 866 345 906 378; x_wconf 93' lang='lat' dir='ltr'>et</span> <span class='ocrx_word' id='word_1_22' title='bbox 937 339 969 377; x_wconf 92' lang='lat' dir='ltr'>si</span> <span class='ocrx_word' id='word_1_23' title='bbox 1000 337 1257 378; x_wconf 91' lang='lat' dir='ltr'>dominorum</span> <span class='ocrx_word' id='word_1_24' title='bbox 1287 337 1431 377; x_wconf 87' lang='lat' dir='ltr'>electio</span> <span class='ocrx_word' id='word_1_25' title='bbox 1460 336 1521 386; x_wconf 89' lang='lat' dir='ltr'>sit,</span> <span class='ocrx_word' id='word_1_26' title='bbox 1546 352 1587 375; x_wconf 91' lang='lat'>10</span> 
     </span>
     <span class='ocr_line' id='line_1_4' title="bbox 110 401 1524 460; baseline -0.005 -12"><span class='ocrx_word' id='word_1_27' title='bbox 110 406 318 448; x_wconf 88' lang='lat' dir='ltr'>honestius</span> <span class='ocrx_word' id='word_1_28' title='bbox 343 406 543 460; x_wconf 86' lang='lat' dir='ltr'>principes</span> <span class='ocrx_word' id='word_1_29' title='bbox 570 406 850 445; x_wconf 89' lang='lat' dir='ltr'>Romanorum</span> <span class='ocrx_word' id='word_1_30' title='bbox 879 416 1000 455; x_wconf 91' lang='lat' dir='ltr'>quam</span> <span class='ocrx_word' id='word_1_31' title='bbox 1032 403 1324 443; x_wconf 89' lang='lat' dir='ltr'>Germanorum</span> <span class='ocrx_word' id='word_1_32' title='bbox 1355 401 1524 442; x_wconf 88' lang='lat' dir='ltr'>feminas</span> 
     </span>
     <span class='ocr_line' id='line_1_5' title="bbox 110 467 1525 522; baseline -0.005 -7"><span class='ocrx_word' id='word_1_33' title='bbox 110 472 280 515; x_wconf 84' lang='lat' dir='ltr'>tolerari.</span> <span class='ocrx_word' id='word_1_34' title='bbox 338 474 439 512; x_wconf 90' lang='lat' dir='ltr'>haec</span> <span class='ocrx_word' id='word_1_35' title='bbox 476 472 629 522; x_wconf 85' lang='lat' dir='ltr'>vulgus,</span> <span class='ocrx_word' id='word_1_36' title='bbox 662 482 846 522; x_wconf 86' lang='lat' dir='ltr'>proceres</span> <span class='ocrx_word' id='word_1_37' title='bbox 884 470 1104 510; x_wconf 87' lang='lat' dir='ltr'>atrociora:</span> <span class='ocrx_word' id='word_1_38' title='bbox 1145 468 1284 511; x_wconf 90' lang='lat' dir='ltr'>Civilis</span> <span class='ocrx_word' id='word_1_39' title='bbox 1322 467 1431 508; x_wconf 84' lang='lat' dir='ltr'>rabie</span> <span class='ocrx_word' id='word_1_40' title='bbox 1469 481 1525 508; x_wconf 91' lang='lat' dir='ltr'>se-</span> 
     </span>
     <span class='ocr_line' id='line_1_6' title="bbox 111 533 1525 586; baseline -0.005 -6"><span class='ocrx_word' id='word_1_41' title='bbox 111 546 195 580; x_wconf 89' lang='lat' dir='ltr'>met</span> <span class='ocrx_word' id='word_1_42' title='bbox 222 539 264 578; x_wconf 90' lang='lat' dir='ltr'>in</span> <span class='ocrx_word' id='word_1_43' title='bbox 292 551 404 579; x_wconf 87' lang='lat' dir='ltr'>arma</span> <span class='ocrx_word' id='word_1_44' title='bbox 431 544 587 586; x_wconf 87' lang='lat' dir='ltr'>trusos;</span> <span class='ocrx_word' id='word_1_45' title='bbox 620 535 732 574; x_wconf 91' lang='lat' dir='ltr'>illum</span> <span class='ocrx_word' id='word_1_46' title='bbox 761 534 995 575; x_wconf 87' lang='lat' dir='ltr'>domesticis</span> <span class='ocrx_word' id='word_1_47' title='bbox 1025 534 1140 574; x_wconf 88' lang='lat' dir='ltr'>malis</span> <span class='ocrx_word' id='word_1_48' title='bbox 1168 534 1367 575; x_wconf 86' lang='lat' dir='ltr'>excidium</span> <span class='ocrx_word' id='word_1_49' title='bbox 1395 533 1525 585; x_wconf 89' lang='lat' dir='ltr'>gentis</span> 
     </span>
     <span class='ocr_line' id='line_1_7' title="bbox 111 599 1526 657; baseline -0.006 -11"><span class='ocrx_word' id='word_1_50' title='bbox 111 603 362 657; x_wconf 88' lang='lat' dir='ltr'>opposuisse.</span> <span class='ocrx_word' id='word_1_51' title='bbox 419 610 516 643; x_wconf 91' lang='lat' dir='ltr'>tunc</span> <span class='ocrx_word' id='word_1_52' title='bbox 555 601 733 642; x_wconf 89' lang='lat' dir='ltr'>infensos</span> <span class='ocrx_word' id='word_1_53' title='bbox 773 600 933 640; x_wconf 88' lang='lat' dir='ltr'>Batavis</span> <span class='ocrx_word' id='word_1_54' title='bbox 973 602 1084 650; x_wconf 91' lang='lat' dir='ltr'>deos,</span> <span class='ocrx_word' id='word_1_55' title='bbox 1117 614 1209 640; x_wconf 90' lang='lat' dir='ltr'>cum</span> <span class='ocrx_word' id='word_1_56' title='bbox 1247 599 1526 640; x_wconf 87' lang='lat' dir='ltr'>obsiderentur</span> 
     </span>
     <span class='ocr_line' id='line_1_8' title="bbox 111 665 1588 723; baseline -0.006 -12"><span class='ocrx_word' id='word_1_57' title='bbox 111 670 304 723; x_wconf 84' lang='lat' dir='ltr'>legiones,</span> <span class='ocrx_word' id='word_1_58' title='bbox 334 669 650 709; x_wconf 88' lang='lat' dir='ltr'>interficerentur</span> <span class='ocrx_word' id='word_1_59' title='bbox 688 666 818 719; x_wconf 86' lang='lat' dir='ltr'>legati,</span> <span class='ocrx_word' id='word_1_60' title='bbox 856 667 1007 707; x_wconf 90' lang='lat' dir='ltr'>bellum</span> <span class='ocrx_word' id='word_1_61' title='bbox 1046 666 1116 706; x_wconf 91' lang='lat' dir='ltr'>uni</span> <span class='ocrx_word' id='word_1_62' title='bbox 1156 665 1438 715; x_wconf 88' lang='lat' dir='ltr'>necessarium,</span> <span class='ocrx_word' id='word_1_63' title='bbox 1475 666 1527 705; x_wconf 89' lang='lat' dir='ltr'>fe·</span> <span class='ocrx_word' id='word_1_64' title='bbox 1549 678 1588 712; x_wconf 87' lang='lat'>15</span> 
     </span>
     <span class='ocr_line' id='line_1_9' title="bbox 111 731 1527 788; baseline -0.003 -12"><span class='ocrx_word' id='word_1_65' title='bbox 111 737 193 776; x_wconf 88' lang='lat' dir='ltr'>rale</span> <span class='ocrx_word' id='word_1_66' title='bbox 222 734 318 788; x_wconf 91' lang='lat' dir='ltr'>ipsis</span> <span class='ocrx_word' id='word_1_67' title='bbox 349 740 580 775; x_wconf 88' lang='lat' dir='ltr'>sumeretur.</span> <span class='ocrx_word' id='word_1_68' title='bbox 639 740 802 773; x_wconf 91' lang='lat' dir='ltr'>ventum</span> <span class='ocrx_word' id='word_1_69' title='bbox 834 734 888 774; x_wconf 91' lang='lat' dir='ltr'>ad</span> <span class='ocrx_word' id='word_1_70' title='bbox 919 740 1105 782; x_wconf 86' lang='lat' dir='ltr'>extrema,</span> <span class='ocrx_word' id='word_1_71' title='bbox 1136 732 1178 772; x_wconf 91' lang='lat' dir='ltr'>ni</span> <span class='ocrx_word' id='word_1_72' title='bbox 1210 732 1440 784; x_wconf 87' lang='lat' dir='ltr'>resipiscere</span> <span class='ocrx_word' id='word_1_73' title='bbox 1471 731 1527 772; x_wconf 87' lang='lat' dir='ltr'>in-</span> 
     </span>
     <span class='ocr_line' id='line_1_10' title="bbox 112 800 1296 856; baseline -0.003 -12"><span class='ocrx_word' id='word_1_74' title='bbox 112 802 263 856; x_wconf 87' lang='lat' dir='ltr'>cipiant</span> <span class='ocrx_word' id='word_1_75' title='bbox 282 809 322 843; x_wconf 90' lang='lat' dir='ltr'>et</span> <span class='ocrx_word' id='word_1_76' title='bbox 340 801 448 842; x_wconf 86' lang='lat' dir='ltr'>noxii</span> <span class='ocrx_word' id='word_1_77' title='bbox 468 800 609 853; x_wconf 90' lang='lat' dir='ltr'>capitis</span> <span class='ocrx_word' id='word_1_78' title='bbox 630 814 760 853; x_wconf 91' lang='lat' dir='ltr'>poena</span> <span class='ocrx_word' id='word_1_79' title='bbox 780 800 1066 852; x_wconf 88' lang='lat' dir='ltr'>paenitentiam</span> <span class='ocrx_word' id='word_1_80' title='bbox 1087 802 1296 841; x_wconf 86' lang='lat' dir='ltr'>fateantur.</span> 
     </span>
    </p>

    <p class='ocr_par' dir='ltr' id='par_1_3' title="bbox 113 866 1604 987">
     <span class='ocr_line' id='line_1_11' title="bbox 277 866 1604 919; baseline -0.002 -10"><span class='ocrx_word' id='word_1_81' title='bbox 277 869 375 909; x_wconf 90' lang='lat' dir='ltr'>Non</span> <span class='ocrx_word' id='word_1_82' title='bbox 410 867 548 908; x_wconf 80' lang='lat' dir='ltr'>fefellit</span> <span class='ocrx_word' id='word_1_83' title='bbox 582 866 752 908; x_wconf 90' lang='lat' dir='ltr'>Civilem</span> <span class='ocrx_word' id='word_1_84' title='bbox 786 881 833 907; x_wconf 92' lang='lat' dir='ltr'>ea</span> <span class='ocrx_word' id='word_1_85' title='bbox 867 867 1074 907; x_wconf 86' lang='lat' dir='ltr'>inclinatio</span> <span class='ocrx_word' id='word_1_86' title='bbox 1112 874 1152 907; x_wconf 89' lang='lat' dir='ltr'>et</span> <span class='ocrx_word' id='word_1_87' title='bbox 1190 866 1422 919; x_wconf 90' lang='lat' dir='ltr'>praevenire</span> <span class='ocrx_word' id='word_1_88' title='bbox 1453 873 1528 906; x_wconf 90' lang='lat' dir='ltr'>sta-</span> <span class='ocrx_word' id='word_1_89' title='bbox 1547 867 1604 907; x_wconf 80' lang='lat'>26</span> 
     </span>
     <span class='ocr_line' id='line_1_12' title="bbox 113 931 1527 987; baseline -0.003 -12"><span class='ocrx_word' id='word_1_90' title='bbox 113 933 201 984; x_wconf 80' lang='lat' dir='ltr'>tuit,</span> <span class='ocrx_word' id='word_1_91' title='bbox 231 945 350 987; x_wconf 89' lang='lat' dir='ltr'>super</span> <span class='ocrx_word' id='word_1_92' title='bbox 382 932 560 973; x_wconf 90' lang='lat' dir='ltr'>taedium</span> <span class='ocrx_word' id='word_1_93' title='bbox 594 933 790 972; x_wconf 86' lang='lat' dir='ltr'>malorum</span> <span class='ocrx_word' id='word_1_94' title='bbox 822 931 942 972; x_wconf 84' lang='lat' dir='ltr'>etiarn</span> <span class='ocrx_word' id='word_1_95' title='bbox 975 945 1045 985; x_wconf 91' lang='lat' dir='ltr'>spe</span> <span class='ocrx_word' id='word_1_96' title='bbox 1075 932 1190 982; x_wconf 87' lang='lat' dir='ltr'>vitae,</span> <span class='ocrx_word' id='word_1_97' title='bbox 1223 945 1326 984; x_wconf 89' lang='lat' dir='ltr'>quae</span> <span class='ocrx_word' id='word_1_98' title='bbox 1356 933 1527 984; x_wconf 89' lang='lat' dir='ltr'>plerum-</span> 
     </span>
    </p>

    <p class='ocr_par' dir='ltr' id='par_1_4' title="bbox 64 997 1595 1762">
     <span class='ocr_line' id='line_1_13' title="bbox 64 997 1528 1052; baseline -0.002 -12"><span class='ocrx_word' id='word_1_99' title='bbox 64 998 67 1002; x_wconf 76' lang='grc'>’</span> <span class='ocrx_word' id='word_1_100' title='bbox 113 1012 195 1052; x_wconf 91' lang='lat' dir='ltr'>que</span> <span class='ocrx_word' id='word_1_101' title='bbox 217 1011 384 1051; x_wconf 89' lang='lat' dir='ltr'>magnos</span> <span class='ocrx_word' id='word_1_102' title='bbox 407 997 564 1038; x_wconf 89' lang='lat' dir='ltr'>animos</span> <span class='ocrx_word' id='word_1_103' title='bbox 590 997 778 1049; x_wconf 85' lang='lat' dir='ltr'>infringit.</span> <span class='ocrx_word' id='word_1_104' title='bbox 838 997 964 1050; x_wconf 89' lang='lat' dir='ltr'>petito</span> <span class='ocrx_word' id='word_1_105' title='bbox 989 999 1207 1050; x_wconf 90' lang='lat' dir='ltr'>conloquio</span> <span class='ocrx_word' id='word_1_106' title='bbox 1231 997 1425 1039; x_wconf 91' lang='lat' dir='ltr'>scinditur</span> <span class='ocrx_word' id='word_1_107' title='bbox 1449 998 1528 1037; x_wconf 89' lang='lat' dir='ltr'>Na-</span> 
     </span>
     <span class='ocr_line' id='line_1_14' title="bbox 114 1062 1530 1116; baseline -0.001 -10"><span class='ocrx_word' id='word_1_108' title='bbox 114 1064 244 1106; x_wconf 80' lang='lat' dir='ltr'>baliae</span> <span class='ocrx_word' id='word_1_109' title='bbox 281 1063 457 1104; x_wconf 89' lang='lat' dir='ltr'>fluminis</span> <span class='ocrx_word' id='word_1_110' title='bbox 495 1076 609 1116; x_wconf 92' lang='lat' dir='ltr'>pons,</span> <span class='ocrx_word' id='word_1_111' title='bbox 646 1065 687 1102; x_wconf 91' lang='lat' dir='ltr'>in</span> <span class='ocrx_word' id='word_1_112' title='bbox 726 1062 840 1103; x_wconf 91' lang='lat' dir='ltr'>cuius</span> <span class='ocrx_word' id='word_1_113' title='bbox 879 1064 1049 1116; x_wconf 89' lang='lat' dir='ltr'>abrupta</span> <span class='ocrx_word' id='word_1_114' title='bbox 1087 1062 1287 1116; x_wconf 89' lang='lat' dir='ltr'>progressi·</span> <span class='ocrx_word' id='word_1_115' title='bbox 1321 1065 1456 1113; x_wconf 88' lang='lat' dir='ltr'>duces,</span> <span class='ocrx_word' id='word_1_116' title='bbox 1490 1070 1530 1104; x_wconf 92' lang='lat' dir='ltr'>et</span> 
     </span>
     <span class='ocr_line' id='line_1_15' title="bbox 115 1127 1570 1181; baseline -0.002 -9"><span class='ocrx_word' id='word_1_117' title='bbox 115 1131 255 1173; x_wconf 86' lang='lat' dir='ltr'>Civilis</span> <span class='ocrx_word' id='word_1_118' title='bbox 286 1129 343 1170; x_wconf 90' lang='lat' dir='ltr'>ita</span> <span class='ocrx_word' id='word_1_119' title='bbox 375 1128 536 1181; x_wconf 81' lang='lat' dir='ltr'>coepit:</span> <span class='ocrx_word' id='word_1_120' title='bbox 570 1127 625 1168; x_wconf 92' lang='lat' dir='ltr'>‘si</span> <span class='ocrx_word' id='word_1_121' title='bbox 655 1129 765 1180; x_wconf 89' lang='lat' dir='ltr'>apud</span> <span class='ocrx_word' id='word_1_122' title='bbox 792 1128 943 1169; x_wconf 88' lang='lat' dir='ltr'>Vitellii</span> <span class='ocrx_word' id='word_1_123' title='bbox 975 1130 1151 1181; x_wconf 91' lang='lat' dir='ltr'>legatum</span> <span class='ocrx_word' id='word_1_124' title='bbox 1183 1130 1430 1178; x_wconf 87' lang='lat' dir='ltr'>defenderer,</span> <span class='ocrx_word' id='word_1_125' title='bbox 1464 1142 1531 1169; x_wconf 91' lang='lat' dir='ltr'>ne·</span> <span class='ocrx_word' id='word_1_126' title='bbox 1552 1141 1570 1174; x_wconf 89' lang='lat'><strong>5</strong></span> 
     </span>
     <span class='ocr_line' id='line_1_16' title="bbox 115 1193 1532 1249; baseline -0.001 -13"><span class='ocrx_word' id='word_1_127' title='bbox 115 1209 196 1249; x_wconf 91' lang='lat' dir='ltr'>que</span> <span class='ocrx_word' id='word_1_128' title='bbox 223 1197 335 1237; x_wconf 85' lang='lat' dir='ltr'>facto</span> <span class='ocrx_word' id='word_1_129' title='bbox 366 1207 460 1236; x_wconf 90' lang='lat' dir='ltr'>meo</span> <span class='ocrx_word' id='word_1_130' title='bbox 490 1193 607 1235; x_wconf 90' lang='lat' dir='ltr'>venia</span> <span class='ocrx_word' id='word_1_131' title='bbox 644 1207 778 1246; x_wconf 90' lang='lat' dir='ltr'>neque</span> <span class='ocrx_word' id='word_1_132' title='bbox 817 1194 934 1235; x_wconf 92' lang='lat' dir='ltr'>dictis</span> <span class='ocrx_word' id='word_1_133' title='bbox 968 1196 1067 1236; x_wconf 87' lang='lat' dir='ltr'>fides</span> <span class='ocrx_word' id='word_1_134' title='bbox 1100 1194 1324 1235; x_wconf 86' lang='lat' dir='ltr'>debebatur</span> <span class='ocrx_word' id='word_1_135' title='bbox 1339 1209 1350 1243; x_wconf 80' lang='lat'><em>3</em></span> <span class='ocrx_word' id='word_1_136' title='bbox 1387 1202 1532 1234; x_wconf 89' lang='lat' dir='ltr'>cuncta</span> 
     </span>
     <span class='ocr_line' id='line_1_17' title="bbox 116 1259 1531 1312; baseline -0.003 -9"><span class='ocrx_word' id='word_1_137' title='bbox 116 1263 220 1304; x_wconf 89' lang='lat' dir='ltr'>inter</span> <span class='ocrx_word' id='word_1_138' title='bbox 244 1275 320 1303; x_wconf 91' lang='lat' dir='ltr'>nos</span> <span class='ocrx_word' id='word_1_139' title='bbox 346 1260 535 1302; x_wconf 90' lang='lat' dir='ltr'>inimica:</span> <span class='ocrx_word' id='word_1_140' title='bbox 575 1259 735 1300; x_wconf 86' lang='lat' dir='ltr'>hostilia</span> <span class='ocrx_word' id='word_1_141' title='bbox 760 1259 812 1300; x_wconf 92' lang='lat' dir='ltr'>ab</span> <span class='ocrx_word' id='word_1_142' title='bbox 839 1260 908 1300; x_wconf 94' lang='lat' dir='ltr'>illo</span> <span class='ocrx_word' id='word_1_143' title='bbox 935 1267 1087 1312; x_wconf 91' lang='lat' dir='ltr'>coepta,</span> <span class='ocrx_word' id='word_1_144' title='bbox 1111 1274 1134 1300; x_wconf 92' lang='lat' dir='ltr'>a</span> <span class='ocrx_word' id='word_1_145' title='bbox 1161 1274 1226 1300; x_wconf 91' lang='lat' dir='ltr'>me</span> <span class='ocrx_word' id='word_1_146' title='bbox 1250 1267 1368 1300; x_wconf 86' lang='lat' dir='ltr'>aucta</span> <span class='ocrx_word' id='word_1_147' title='bbox 1397 1266 1531 1300; x_wconf 90' lang='lat' dir='ltr'>erant:</span> 
     </span>
     <span class='ocr_line' id='line_1_18' title="bbox 117 1325 1532 1380; baseline -0.001 -12"><span class='ocrx_word' id='word_1_148' title='bbox 117 1341 209 1380; x_wconf 88' lang='lat' dir='ltr'>erga</span> <span class='ocrx_word' id='word_1_149' title='bbox 239 1325 538 1380; x_wconf 84' lang='lat' dir='ltr'>Vespasianum</span> <span class='ocrx_word' id='word_1_150' title='bbox 570 1332 684 1366; x_wconf 89' lang='lat' dir='ltr'>vetus</span> <span class='ocrx_word' id='word_1_151' title='bbox 723 1325 821 1365; x_wconf 87' lang='lat' dir='ltr'>mihi</span> <span class='ocrx_word' id='word_1_152' title='bbox 860 1325 1126 1376; x_wconf 88' lang='lat' dir='ltr'>observantia,</span> <span class='ocrx_word' id='word_1_153' title='bbox 1158 1333 1197 1367; x_wconf 91' lang='lat' dir='ltr'>et</span> <span class='ocrx_word' id='word_1_154' title='bbox 1232 1339 1326 1366; x_wconf 89' lang='lat' dir='ltr'>curn</span> <span class='ocrx_word' id='word_1_155' title='bbox 1356 1325 1532 1378; x_wconf 89' lang='lat' dir='ltr'>privatus</span> 
     </span>
     <span class='ocr_line' id='line_1_19' title="bbox 118 1391 1532 1443; baseline -0.002 -9"><span class='ocrx_word' id='word_1_156' title='bbox 118 1400 238 1443; x_wconf 87' lang='lat' dir='ltr'>esset,</span> <span class='ocrx_word' id='word_1_157' title='bbox 267 1391 389 1434; x_wconf 84' lang='lat' dir='ltr'>amici</span> <span class='ocrx_word' id='word_1_158' title='bbox 420 1391 675 1433; x_wconf 88' lang='lat' dir='ltr'>vocabamur.</span> <span class='ocrx_word' id='word_1_159' title='bbox 735 1392 814 1431; x_wconf 91' lang='lat' dir='ltr'>hoc</span> <span class='ocrx_word' id='word_1_160' title='bbox 848 1391 983 1431; x_wconf 89' lang='lat' dir='ltr'>Primo</span> <span class='ocrx_word' id='word_1_161' title='bbox 1018 1391 1199 1432; x_wconf 88' lang='lat' dir='ltr'>Antonio</span> <span class='ocrx_word' id='word_1_162' title='bbox 1230 1399 1384 1441; x_wconf 90' lang='lat' dir='ltr'>notum,</span> <span class='ocrx_word' id='word_1_163' title='bbox 1420 1392 1532 1431; x_wconf 91' lang='lat' dir='ltr'>cuius</span> 
     </span>
     <span class='ocr_line' id='line_1_20' title="bbox 118 1457 1595 1511; baseline -0.001 -12"><span class='ocrx_word' id='word_1_164' title='bbox 118 1457 298 1511; x_wconf 84' lang='lat' dir='ltr'>epistulis</span> <span class='ocrx_word' id='word_1_165' title='bbox 330 1459 384 1498; x_wconf 88' lang='lat' dir='ltr'>ad</span> <span class='ocrx_word' id='word_1_166' title='bbox 421 1457 572 1498; x_wconf 90' lang='lat' dir='ltr'>bellurn</span> <span class='ocrx_word' id='word_1_167' title='bbox 606 1463 718 1501; x_wconf 88' lang='lat' dir='ltr'>actus</span> <span class='ocrx_word' id='word_1_168' title='bbox 750 1470 851 1506; x_wconf 90' lang='lat' dir='ltr'>sum,</span> <span class='ocrx_word' id='word_1_169' title='bbox 887 1470 939 1497; x_wconf 91' lang='lat' dir='ltr'>ne</span> <span class='ocrx_word' id='word_1_170' title='bbox 974 1457 1239 1498; x_wconf 86' lang='lat' dir='ltr'>Germanicae</span> <span class='ocrx_word' id='word_1_171' title='bbox 1278 1458 1455 1509; x_wconf 89' lang='lat' dir='ltr'>legiones</span> <span class='ocrx_word' id='word_1_172' title='bbox 1495 1464 1533 1498; x_wconf 89' lang='lat' dir='ltr'>et</span> <span class='ocrx_word' id='word_1_173' title='bbox 1555 1470 1595 1493; x_wconf 83' lang='lat'>10</span> 
     </span>
     <span class='ocr_line' id='line_1_21' title="bbox 118 1522 1534 1574; baseline -0.001 -10"><span class='ocrx_word' id='word_1_174' title='bbox 118 1523 274 1565; x_wconf 84' lang='lat' dir='ltr'>Gallica</span> <span class='ocrx_word' id='word_1_175' title='bbox 311 1523 496 1564; x_wconf 86' lang='lat' dir='ltr'>iuventus</span> <span class='ocrx_word' id='word_1_176' title='bbox 530 1522 643 1574; x_wconf 91' lang='lat' dir='ltr'>Alpis</span> <span class='ocrx_word' id='word_1_177' title='bbox 682 1523 1022 1563; x_wconf 74' lang='lat' dir='ltr'>transcenderent·</span> <span class='ocrx_word' id='word_1_178' title='bbox 1079 1536 1182 1574; x_wconf 89' lang='lat' dir='ltr'>quae</span> <span class='ocrx_word' id='word_1_179' title='bbox 1215 1522 1415 1563; x_wconf 91' lang='lat' dir='ltr'>Antonius</span> <span class='ocrx_word' id='word_1_180' title='bbox 1455 1522 1534 1574; x_wconf 92' lang='lat' dir='ltr'>epi-</span> 
     </span>
     <span class='ocr_line' id='line_1_22' title="bbox 119 1588 1534 1640; baseline -0.001 -10"><span class='ocrx_word' id='word_1_181' title='bbox 119 1589 243 1639; x_wconf 90' lang='lat' dir='ltr'>stulis,</span> <span class='ocrx_word' id='word_1_182' title='bbox 272 1589 535 1630; x_wconf 89' lang='lat' dir='ltr'>Hordeonius</span> <span class='ocrx_word' id='word_1_183' title='bbox 565 1590 732 1629; x_wconf 91' lang='lat' dir='ltr'>Flaccus</span> <span class='ocrx_word' id='word_1_184' title='bbox 761 1602 949 1640; x_wconf 89' lang='lat' dir='ltr'>praesens</span> <span class='ocrx_word' id='word_1_185' title='bbox 979 1590 1194 1630; x_wconf 88' lang='lat' dir='ltr'>monebat:</span> <span class='ocrx_word' id='word_1_186' title='bbox 1229 1603 1339 1629; x_wconf 84' lang='lat' dir='ltr'>arma</span> <span class='ocrx_word' id='word_1_187' title='bbox 1368 1589 1409 1628; x_wconf 94' lang='lat' dir='ltr'>in</span> <span class='ocrx_word' id='word_1_188' title='bbox 1439 1588 1534 1629; x_wconf 90' lang='lat' dir='ltr'>Ger-</span> 
     </span>
     <span class='ocr_line' id='line_1_23' title="bbox 120 1653 1534 1707; baseline -0.002 -10"><span class='ocrx_word' id='word_1_189' title='bbox 120 1655 254 1697; x_wconf 83' lang='lat' dir='ltr'>mania</span> <span class='ocrx_word' id='word_1_190' title='bbox 291 1656 409 1705; x_wconf 87' lang='lat' dir='ltr'>movi,</span> <span class='ocrx_word' id='word_1_191' title='bbox 446 1667 549 1706; x_wconf 91' lang='lat' dir='ltr'>quae</span> <span class='ocrx_word' id='word_1_192' title='bbox 588 1653 803 1694; x_wconf 90' lang='lat' dir='ltr'>Mucianus</span> <span class='ocrx_word' id='word_1_193' title='bbox 835 1654 876 1694; x_wconf 89' lang='lat' dir='ltr'>in</span> <span class='ocrx_word' id='word_1_194' title='bbox 916 1654 1039 1706; x_wconf 87' lang='lat' dir='ltr'>Syria,</span> <span class='ocrx_word' id='word_1_195' title='bbox 1070 1654 1253 1707; x_wconf 89' lang='lat' dir='ltr'>Aponius</span> <span class='ocrx_word' id='word_1_196' title='bbox 1286 1656 1327 1694; x_wconf 89' lang='lat' dir='ltr'>in</span> <span class='ocrx_word' id='word_1_197' title='bbox 1361 1654 1534 1704; x_wconf 89' lang='lat' dir='ltr'>Moesia,</span> 
     </span>
     <span class='ocr_line' id='line_1_24' title="bbox 121 1721 768 1762; baseline -0.003 -1"><span class='ocrx_word' id='word_1_198' title='bbox 121 1721 334 1762; x_wconf 84' lang='lat' dir='ltr'>Flavianus</span> <span class='ocrx_word' id='word_1_199' title='bbox 360 1722 401 1760; x_wconf 86' lang='lat' dir='ltr'>in</span> <span class='ocrx_word' id='word_1_200' title='bbox 431 1721 640 1760; x_wconf 89' lang='lat' dir='ltr'>Pannonia</span> <span class='ocrx_word' id='word_1_201' title='bbox 662 1733 681 1755; x_wconf 82' lang='lat'><strong><em>*</em></strong></span> <span class='ocrx_word' id='word_1_202' title='bbox 705 1732 724 1755; x_wconf 87' lang='lat'><em>*</em></span> <span class='ocrx_word' id='word_1_203' title='bbox 749 1733 768 1754; x_wconf 90' lang='lat'><strong><em>*</em></strong></span> 
     </span>
    </p>
   </div>
   <div class='ocr_carea' id='block_1_3' title="bbox 115 1823 1533 2042">
    <p class='ocr_par' dir='ltr' id='par_1_5' title="bbox 115 1823 1533 2042">
     <span class='ocr_line' id='line_1_25' title="bbox 165 1823 1532 1866; baseline -0.001 -8"><span class='ocrx_word' id='word_1_204' title='bbox 165 1824 228 1859; x_wconf 77' lang='lat'>26.</span> <span class='ocrx_word' id='word_1_205' title='bbox 253 1834 275 1857; x_wconf 76' lang='lat'>2</span> <span class='ocrx_word' id='word_1_206' title='bbox 296 1825 400 1857; x_wconf 86' lang='lat' dir='ltr'>etiam</span> <span class='ocrx_word' id='word_1_207' title='bbox 411 1826 488 1866; x_wconf 81' lang='lat' dir='ltr'>post</span> <span class='ocrx_word' id='word_1_208' title='bbox 503 1823 702 1865; x_wconf 86' lang='lat' dir='ltr'>plerumque</span> <span class='ocrx_word' id='word_1_209' title='bbox 720 1823 893 1855; x_wconf 80' lang='lat' dir='ltr'>transtulit</span> <span class='ocrx_word' id='word_1_210' title='bbox 907 1823 941 1854; x_wconf 89' lang='lat' dir='ltr'><em>A</em></span> <span class='ocrx_word' id='word_1_211' title='bbox 946 1823 1087 1856; x_wconf 71' lang='lat' dir='ltr'>m&#39;dalius</span> <span class='ocrx_word' id='word_1_212' title='bbox 1154 1834 1251 1866; x_wconf 90' lang='lat' dir='ltr'>spem</span> <span class='ocrx_word' id='word_1_213' title='bbox 1270 1823 1313 1856; x_wconf 92' lang='lat' dir='ltr'><em>M</em></span> <span class='ocrx_word' id='word_1_214' title='bbox 1387 1825 1532 1865; x_wconf 89' lang='lat' dir='ltr'>plerum-</span> 
     </span>
     <span class='ocr_line' id='line_1_26' title="bbox 121 1866 1531 1912; baseline -0.002 -10"><span class='ocrx_word' id='word_1_215' title='bbox 121 1869 198 1912; x_wconf 76' lang='lat' dir='ltr'>que}</span> <span class='ocrx_word' id='word_1_216' title='bbox 216 1868 261 1901; x_wconf 82' lang='lat' dir='ltr'><em>M</em></span> <span class='ocrx_word' id='word_1_217' title='bbox 269 1880 278 1902; x_wconf 76' lang='lat' dir='ltr'>t</span> <span class='ocrx_word' id='word_1_218' title='bbox 301 1868 503 1911; x_wconf 84' lang='lat' dir='ltr'>plerumque</span> <span class='ocrx_word' id='word_1_219' title='bbox 521 1873 555 1899; x_wconf 86' lang='lat' dir='ltr'>et</span> <span class='ocrx_word' id='word_1_220' title='bbox 571 1867 693 1900; x_wconf 79' lang='lat' dir='ltr'>Meiser</span> <span class='ocrx_word' id='word_1_221' title='bbox 787 1878 806 1908; x_wconf 88' lang='lat'><strong>5</strong></span> <span class='ocrx_word' id='word_1_222' title='bbox 831 1866 997 1899; x_wconf 89' lang='lat' dir='ltr'>vitellium</span> <span class='ocrx_word' id='word_1_223' title='bbox 1014 1867 1075 1900; x_wconf 88' lang='lat' dir='ltr'>M:</span> <span class='ocrx_word' id='word_1_224' title='bbox 1102 1867 1323 1900; x_wconf 89' lang='lat' dir='ltr'>Vitellianum</span> <span class='ocrx_word' id='word_1_225' title='bbox 1339 1867 1531 1909; x_wconf 72' lang='lat' dir='ltr'>Db&#39;derlein‚</span> 
     </span>
     <span class='ocr_line' id='line_1_27' title="bbox 122 1910 1532 1954; baseline 0 -10"><span class='ocrx_word' id='word_1_226' title='bbox 122 1911 232 1946; x_wconf 78' lang='lat' dir='ltr'>Halm</span> <span class='ocrx_word' id='word_1_227' title='bbox 322 1923 340 1952; x_wconf 92' lang='lat'><strong>7</strong></span> <span class='ocrx_word' id='word_1_228' title='bbox 365 1912 514 1954; x_wconf 85' lang='lat' dir='ltr'>inimica,</span> <span class='ocrx_word' id='word_1_229' title='bbox 530 1911 677 1949; x_wconf 82' lang='lat' dir='ltr'>hostilia,</span> <span class='ocrx_word' id='word_1_230' title='bbox 693 1911 736 1943; x_wconf 89' lang='lat' dir='ltr'>ab</span> <span class='ocrx_word' id='word_1_231' title='bbox 752 1910 972 1953; x_wconf 82' lang='lat' dir='ltr'>distinguunt</span> <span class='ocrx_word' id='word_1_232' title='bbox 986 1911 1048 1943; x_wconf 75' lang='lat' dir='ltr'>alii</span> <span class='ocrx_word' id='word_1_233' title='bbox 1100 1917 1222 1944; x_wconf 89' lang='lat' dir='ltr'>auctae</span> <span class='ocrx_word' id='word_1_234' title='bbox 1240 1912 1282 1943; x_wconf 92' lang='lat' dir='ltr'><em>M</em></span> <span class='ocrx_word' id='word_1_235' title='bbox 1373 1923 1395 1952; x_wconf 94' lang='lat'>9</span> <span class='ocrx_word' id='word_1_236' title='bbox 1418 1922 1532 1944; x_wconf 83' lang='lat' dir='ltr'>essem</span> 
     </span>
     <span class='ocr_line' id='line_1_28' title="bbox 123 1955 1533 1999; baseline 0 -11"><span class='ocrx_word' id='word_1_237' title='bbox 123 1956 175 1996; x_wconf 79' lang='lat' dir='ltr'>M,</span> <span class='ocrx_word' id='word_1_238' title='bbox 194 1967 276 1990; x_wconf 82' lang='lat' dir='ltr'>corr.</span> <span class='ocrx_word' id='word_1_239' title='bbox 294 1955 352 1988; x_wconf 74' lang='lat' dir='ltr'>Ml</span> <span class='ocrx_word' id='word_1_240' title='bbox 454 1966 493 1995; x_wconf 83' lang='lat'>13</span> <span class='ocrx_word' id='word_1_241' title='bbox 517 1955 621 1987; x_wconf 87' lang='lat' dir='ltr'>movit</span> <span class='ocrx_word' id='word_1_242' title='bbox 638 1955 681 1986; x_wconf 91' lang='lat' dir='ltr'><em>M</em></span> <span class='ocrx_word' id='word_1_243' title='bbox 792 1965 830 1995; x_wconf 87' lang='lat'>14</span> <span class='ocrx_word' id='word_1_244' title='bbox 855 1955 993 1999; x_wconf 69' lang='lat' dir='ltr'>panlnia</span> <span class='ocrx_word' id='word_1_245' title='bbox 1011 1955 1053 1988; x_wconf 93' lang='lat' dir='ltr'><em>M</em></span> <span class='ocrx_word' id='word_1_246' title='bbox 1112 1956 1241 1988; x_wconf 75' lang='lat' dir='ltr'>Desinit</span> <span class='ocrx_word' id='word_1_247' title='bbox 1259 1955 1357 1989; x_wconf 81' lang='lat' dir='ltr'>codex</span> <span class='ocrx_word' id='word_1_248' title='bbox 1371 1957 1405 1988; x_wconf 76' lang='lat' dir='ltr'>in</span> <span class='ocrx_word' id='word_1_249' title='bbox 1416 1957 1533 1999; x_wconf 76' lang='lat' dir='ltr'>prima</span> 
     </span>
     <span class='ocr_line' id='line_1_29' title="bbox 115 1999 701 2042; baseline 0 -10"><span class='ocrx_word' id='word_1_250' title='bbox 115 2000 199 2042; x_wconf 76' lang='lat' dir='ltr'>solii</span> <span class='ocrx_word' id='word_1_251' title='bbox 209 2000 366 2035; x_wconf 71' lang='lat' dir='ltr'>columna</span> <span class='ocrx_word' id='word_1_252' title='bbox 383 2004 412 2033; x_wconf 81' lang='lat' dir='ltr'>ee</span> <span class='ocrx_word' id='word_1_253' title='bbox 426 2003 502 2033; x_wconf 72' lang='lat' dir='ltr'>arcte</span> <span class='ocrx_word' id='word_1_254' title='bbox 515 1999 701 2040; x_wconf 81' lang='lat' dir='ltr'>eiusfinem</span> 
     </span>
    </p>
   </div>
  </div>
 </body>
</html>
