1748 2826
1523 4 1528 8 .
1552 16 1554 21 Ι
1578 0 1680 38 327⁹?
1687 0 1692 25 f
1700 7 1719 12 ,,

202 139 341 178 11100
399 137 674 177 CORNELII
704 137 900 177 TACITI
932 134 1335 175 HISTORIARVM
1365 135 1537 175 LIBER
1565 135 1610 176 11

265 257 541 290 occurreretur.
601 257 655 289 1ta
691 249 913 288 adcelerare
950 247 1125 299 legiones
1162 248 1414 295 Cremonam,
1447 259 1538 298 pars
1571 247 1655 286 Ho-

265 314 407 354 stiliam
455 322 588 366 petere
633 314 786 354 iussae:
837 313 922 365 ipse
969 315 1204 352 Ravennam
1242 311 1411 353 devertit
1456 317 1657 364 praetexto

265 381 431 419 classem
450 379 693 432 adloquendi
708 394 720 429 ς
748 391 839 419 mox
864 378 1013 418 Patavii
1034 385 1228 418 secretum
1251 377 1554 428 componendae
1572 388 1657 428 pro-

264 444 426 485 ditionis
456 445 689 497 quaesitum.
749 458 921 496 namque
948 443 1123 483 Lucilius
1156 445 1303 483 Bassus
1327 449 1419 494 post
1443 442 1658 494 praefectu-

206 523 244 557 15
265 524 348 550 ram
381 512 466 550 alae
500 509 723 550 Ravennati
753 509 871 549 simul
899 522 947 549 ac
979 508 1200 548 Misenensi
1231 507 1424 548 classibus
1448 520 1474 550 a
1496 504 1658 548 Vitellio

264 575 520 628 praepositus,
553 576 662 627 quod
693 588 775 615 non
809 573 940 614 statim
969 574 1253 626 praefecturam
1282 570 1465 623 praetorii
1490 571 1659 623 adeptus

265 643 376 690 foret,
426 640 603 692 iniquam
650 638 894 679 iracundiam
942 638 1134 690 flagitiosa
1176 636 1341 689 perfidia
1383 634 1659 678 ulciscebatur.

265 720 342 747 nec
373 705 461 746 sciri
489 712 620 757 potest
654 704 862 744 traxeritne
896 703 1126 752 Caecinam,
1155 716 1219 751 an,
1251 703 1363 754 quod
1391 700 1524 742 evenit
1559 699 1661 741 inter

267 773 394 811 malos
413 778 457 810 ut
477 778 515 810 et
536 769 682 810 similes
703 769 793 818 sint,
815 770 956 809 eadem
977 769 1065 808 illos
1084 767 1254 820 pravitas
1273 766 1483 819 impulerit.

180 846 248 876 101
429 835 645 887 Scriptores
700 842 935 886 temporum,
988 834 1056 886 qui
1110 833 1287 885 potiente
1342 846 1472 874 rerum
1526 830 1661 874 Flavia

267 902 390 941 domo
424 900 670 941 monimenta
702 899 795 940 belli
829 899 993 939 huiusce
1031 904 1351 950 composuerunt,
1386 909 1521 937 curam
1553 895 1661 948 pacis

266 973 307 1006 et
343 979 518 1006 amorem
558 965 614 1005 rei
651 964 847 1016 publicae,
884 971 1087 1014 corruptas
1124 963 1167 1003 in
1201 961 1472 1003 adulationem
1510 973 1659 1009 causaS,

268 1030 490 1071 tradidere:
521 1030 639 1070 nobis
664 1043 780 1082 super
803 1029 961 1069 insitam
986 1028 1186 1069 levitatem
1212 1034 1253 1069 et
1272 1027 1432 1079 prodito
1459 1026 1591 1068 Galba
1610 1024 1664 1067 vi-

229 1114 248 1146 5
267 1098 347 1136 lem
367 1110 459 1136 mox
478 1097 599 1136 fidem
619 1094 884 1135 aemulatione
904 1094 1023 1134 etiam
1043 1093 1282 1144 invidiaque,
1294 1106 1355 1134 ene
1373 1091 1424 1132 ab
1443 1090 1530 1131 aliis
1551 1090 1663 1143 'apud

266 1160 472 1200 Vitellium
509 1160 760 1208 anteirentur‚
802 1159 1032 1210 pervertisse
1070 1157 1201 1209 ipsum
1229 1156 1435 1198 Vitellium
1466 1155 1661 1197 videntur.

267 1225 443 1267 Caecina
468 1225 643 1276 legiones
677 1226 889 1264 adsecutus
921 1222 1197 1263 centurionum
1227 1221 1480 1272 militumque
1507 1219 1664 1263 animos

268 1290 488 1331 obstinatos
512 1303 583 1342 pro
603 1289 764 1329 Vitellio
784 1288 898 1328 variis
924 1288 1073 1328 artibus
1099 1287 1336 1327 subruebat:
1371 1287 1498 1326 Basso
1522 1286 1664 1327 eadem

269 1353 447 1395 molienti
460 1354 589 1394 minor
601 1354 810 1394 difficultas
822 1361 914 1401 erat,
929 1352 1080 1392 lubrica
1093 1352 1144 1392 ad
1155 1351 1390 1392 mutandam
1404 1351 1526 1392 fidem
1539 1351 1665 1391 classe

212 1435 251 1458 10
269 1420 324 1460 ob
343 1419 574 1460 memoriam
595 1419 763 1459 recentis
781 1432 853 1471 pro
872 1419 1036 1459 Othone
1055 1416 1227 1458 militiae.

272 1535 307 1557 11
334 1534 495 1557 cremona
512 1522 553 1554 M
663 1532 703 1563 13
727 1522 818 1562 patvi
835 1520 876 1552 M
956 1521 1141 1563 proditioni
1157 1519 1343 1553 Rhenanus
1475 1530 1514 1561 14
1539 1521 1665 1554 Bassus

270 1567 481 1600 Rhenanus:
514 1566 668 1598 blaessus
691 1565 734 1596 M
864 1566 904 1596 16
927 1565 1139 1605 praefectura
1165 1563 1207 1595 M
1353 1564 1393 1595 18
1415 1565 1558 1597 traxerit
1583 1564 1637 1597 M¹
1656 1577 1664 1597 :

270 1616 420 1643 traxerat
444 1610 484 1642 M
625 1620 666 1650 19
688 1614 726 1641 ut
744 1631 753 1641 .
772 1632 780 1641 .
800 1632 807 1640 .
824 1608 894 1640 sint
914 1609 982 1640 secl.
1006 1608 1151 1640 Wurm:
1180 1612 1216 1640 ut
1236 1612 1272 1641 et
1290 1607 1516 1648 cogitationes
1537 1608 1665 1641 similes

271 1655 339 1687 sint
354 1654 505 1688 Heraeus
521 1664 528 1685 :
555 1657 590 1685 ut
606 1657 641 1684 et
656 1651 808 1684 consiliis
825 1651 955 1684 similes
969 1651 1037 1684 sint
1054 1651 1180 1683 Urlichs
1582 1682 1585 1685 ,

317 1704 389 1730 101,
418 1708 432 1729 1
461 1701 654 1737 temporum
671 1696 804 1728 illorum
823 1693 941 1729 Gertke
1061 1703 1083 1727 2
1106 1695 1278 1727 Caecinae
1293 1702 1408 1726 curam
1423 1692 1531 1727 Rz’tter
1643 1706 1664 1735 4

270 1741 392 1773 insitas
409 1740 458 1781 M,
477 1751 558 1773 corr.
573 1739 629 1772 Ml
741 1741 763 1771 6
786 1740 976 1774 anteiretur
988 1739 1063 1773 dett.
1148 1739 1213 1779 ipsi
1231 1737 1507 1779 ClassenrHalm
1524 1750 1533 1772 :
1555 1739 1664 1780 ipsum

271 1795 313 1817 ex
327 1783 549 1827 dittographia
565 1786 685 1817 natum
701 1782 760 1816 del.
778 1782 898 1816 Nova'k
1005 1779 1179 1815 Vitellium
1193 1791 1260 1814 om.
1276 1780 1350 1816 dett,
1419 1781 1553 1816 videtur
1567 1781 1641 1816 dett.
