1748 2826
212 120 272 161 1v
290 129 334 170 15
731 119 1007 160 CORNELII
1037 119 1233 161 TACITI

289 231 454 272 consilia
481 229 689 272 sociarent.
746 244 794 271 ea
817 244 913 283 gens
941 238 1093 283 partem
1119 231 1271 272 insulae
1297 230 1402 281 colit,
1437 229 1587 284 origine
1611 231 1681 273 lin-

288 310 367 349 gua
394 297 536 338 virtute
568 310 638 349 par
672 296 855 346 Batavis3
892 310 1058 337 numero
1090 304 1333 349 superantur.
1391 310 1487 338 mox
1510 297 1681 339 occultis

250 376 269 410 5
290 361 441 402 nuntiis
478 361 636 414 pellexit
671 361 897 401 Britannica
929 361 1085 411 auxilia,
1119 364 1359 402 Batavorum
1391 361 1566 403 cohortis
1593 362 1682 403 mis-

290 439 352 466 sas
387 426 427 466 in
460 426 726 474 Germaniam,
758 433 801 466 ut
832 439 949 478 supra
979 426 1211 476 rettulimus,
1240 441 1287 467 ac
1318 434 1403 467 tum
1432 426 1680 480 Mogontiaci

288 490 452 542 agentis.
512 498 594 531 erat
636 490 676 530 in
715 490 1044 531 Canninefatibus
1083 490 1250 531 stolidae
1286 491 1478 532 audaciae
1517 491 1679 540 Brinno,

289 555 466 594 claritate
504 555 693 594 natalium
732 555 899 606 insigni3
938 562 1047 606 pater
1085 555 1168 594 eius
1208 556 1332 595 multa
1369 555 1528 597 hostilia
1563 569 1681 596 ausus

289 618 532 659 Gaianarum
552 618 849 670 expeditionum
875 618 1091 658 ludibrium
1117 618 1282 671 impune
1301 627 1512 671 spreverat.
1566 619 1681 672 igitur

229 701 269 725 10
289 683 378 734 ipso
397 683 553 723 rebellis
574 683 744 722 familiae
770 682 932 723 nomine
953 683 1100 734 placuit
1125 683 1415 735 impositusque
1437 691 1553 726 scuto
1571 698 1681 726 more

290 747 418 799 gentis
445 755 483 788 et
509 747 786 788 sustinentium
817 747 960 787 umeris
981 747 1154 787 vibratus
1180 749 1261 788 dux
1286 748 1479 800 deligitur.
1536 749 1682 790 statim-

291 826 370 864 que
407 812 542 852 accitis
581 812 713 852 Frisiis
753 814 1053 864 (transrhenana
1090 826 1187 863 gens
1226 812 1302 865 est)
1339 815 1507 853 duarum
1545 815 1681 854 cohor·

291 877 389 917 tium
407 877 573 917 hiberna
598 877 778 929 proximo
796 880 1039 929 †0ceupata†
1059 878 1224 918 Oceano
1244 877 1444 931 inrumpit.
1501 892 1577 920 nec
1597 893 1682 932 pro·
1742 920 1748 924 ,

290 942 468 982 viderant
493 943 685 992 impetum
714 942 888 981 hostium
918 941 1072 990 milites,
1105 955 1191 990 nec,
1222 941 1255 981 si
1283 942 1558 994 providissent,
1587 943 1681 984 satis

231 1020 266 1053 15
291 1006 431 1046 virium
470 1007 522 1046 ad
563 1007 780 1046 arcendum
823 1014 927 1046 erat:
971 1013 1087 1058 capta
1126 1005 1240 1057 igitur
1271 1019 1318 1046 ac
1351 1006 1504 1059 direpta
1542 1015 1678 1048 castra.

290 1071 382 1111 dein
413 1084 532 1122 vagos
566 1078 604 1110 et
635 1070 743 1122 pacis
777 1072 900 1110 modo
929 1072 1074 1110 effusos
1106 1069 1201 1109 lixas
1231 1071 1575 1123 negotiatoresque
1602 1074 1682 1113 Ro-

292 1149 429 1175 manos
450 1135 652 1175 invadunt.
702 1134 818 1174 simul
839 1134 999 1175 excidiis
1020 1136 1269 1175 castellorum
1290 1136 1563 1187 imminebant,
1579 1151 1682 1190 quae

290 1214 313 1239 a
340 1199 545 1252 praefectis
572 1199 795 1239 cohortium
822 1199 985 1240 incensa
1010 1208 1113 1249 sunt,
1142 1200 1235 1252 quia
1262 1200 1424 1242 defendi
1449 1201 1679 1253 nequibant.

291 1265 401 1316 signa
426 1265 645 1316 vexillaque
674 1272 712 1305 et
742 1266 851 1316 quod
881 1265 1049 1305 militum
1076 1265 1115 1304 in
1150 1265 1391 1318 superiorem
1419 1265 1570 1307 insulae
1598 1280 1682 1318 par-

229 1344 270 1367 πο
291 1337 371 1369 tem
411 1337 707 1381 congregantur,
747 1329 850 1370 du'ce
889 1329 1050 1380 Aquilio
1088 1329 1328 1382 primipilari,
1369 1343 1519 1371 nomen
1556 1331 1681 1383 magis

291 1396 482 1437 exercitus
522 1410 641 1448 quam
680 1397 824 1437 robur:
866 1396 1014 1448 quippe
1052 1396 1199 1436 viribus
1238 1398 1461 1438 cohortium
1498 1397 1682 1439 abductis

289 1460 473 1500 Vitellius
497 1474 519 1500 e
538 1460 725 1512 proximis
746 1460 982 1501 Nerviorum
999 1461 1372 1513 Germanorumque
1391 1461 1500 1514 pagis
1519 1475 1681 1515 segnem

291 1539 500 1565 numerum
521 1525 638 1564 armis
659 1532 900 1565 oneraverat.

222 1588 268 1626 16
455 1589 591 1630 Civilis
630 1590 725 1629 dolo
762 1591 1019 1640 grassandum
1062 1597 1167 1630 ratus
1206 1589 1398 1631 incusavit
1435 1591 1539 1641 ultro
1576 1604 1682 1642 prae-

290 1658 413 1696 fectos
446 1656 555 1706 quod
584 1647 744 1694 castella
772 1654 1062 1694 deseruissent:
1102 1668 1144 1694 se
1168 1668 1259 1694 cum
1286 1656 1464 1705 cohorte,
1484 1654 1547 1695 cui
1575 1668 1682 1706 prae-

290 1727 383 1768 erat,
425 1718 727 1760 Canninefatem
760 1721 973 1759 tumultum
1013 1732 1342 1770 compressurum,
1384 1719 1438 1758 illi
1476 1732 1547 1760 sua
1579 1719 1683 1771 quis-

289 1798 368 1835 que
393 1783 558 1823 hiberna
586 1790 819 1834 repeterent.
876 1783 1038 1824 subesse
1067 1785 1247 1824 fraudem
1277 1782 1444 1823 consilio
1471 1791 1510 1824 et
1536 1783 1682 1836 disper-

250 1862 268 1893 5
289 1862 351 1888 sas
390 1847 563 1887 cohortis
597 1847 749 1888 facilius
788 1848 968 1900 opprimi,
1006 1862 1080 1888 nec
1123 1848 1367 1889 Brinnonem
1408 1849 1552 1889 ducem
1596 1849 1680 1890 eius

289 1964 307 1994 7
332 1952 451 1985 canine
468 1962 510 1983 ne
526 1951 648 1984 fatibus
661 1952 708 1992 M,
730 1963 773 1984 ne
789 1951 847 1984 del.
867 1952 923 1984 M²
1065 1953 1086 1983 8
1109 1950 1244 1994 insignil
1262 1951 1305 1984 M
1313 1963 1322 1986 z
1353 1951 1499 1993 insignis
1513 1949 1683 1995 Kiessling

291 2008 331 2028 10
347 1995 483 2027 homine
493 1995 543 2036 M,
555 2006 634 2027 corr.
646 1995 688 2027 M
691 1996 702 2016 ¹
785 2006 821 2027 11
839 1996 977 2027 vibratis
989 1994 1038 2036 M,
1052 2006 1133 2028 corr.
1147 1994 1203 2027 M1
1289 2005 1327 2035 13
1342 1997 1498 2035 proxima
1510 1996 1680 2036 (proximo

289 2040 331 2071 M
334 2039 357 2079 ¹,
377 2040 411 2070 in
433 2042 521 2070 textu
542 2042 571 2070 et
594 2038 629 2070 in
652 2038 816 2081 margine)
837 2044 1000 2079 occupata
1022 2049 1150 2071 oceano
1171 2037 1231 2071 M:
1257 2043 1422 2079 occupata
1444 2039 1530 2070 obelo
1552 2039 1681 2071 notavi:

288 2082 443 2123 proxima
469 2081 664 2123 [occupata]
681 2092 810 2113 oceano
831 2081 966 2123 Urlichs,
982 2081 1124 2113 Nova‘k:
1153 2082 1307 2122 proxima
1330 2085 1530 2122 occupatum
1552 2091 1679 2114 oceano

294 2125 519 2157 Weissenborn
534 2136 540 2155 :
584 2125 740 2164 proxima
776 2125 946 2165 (proximo
973 2125 1110 2166 Mulier)
1149 2124 1345 2157 accubantia
1378 2135 1508 2157 oceano
1539 2124 1680 2156 Meiser:

288 2168 444 2208 proxima
461 2168 628 2207 applicata
643 2178 676 2199 o.
691 2167 825 2207 Polster,
841 2167 928 2199 unde
942 2168 1097 2208 proximo
1111 2167 1280 2208 applicata
1294 2178 1326 2200 o.
1337 2166 1372 2198 A
1377 2167 1512 2200 ndresen
1570 2167 1681 2209 provi-

289 2212 410 2243 derant
425 2210 471 2243 ed.
490 2209 680 2251 Spirensis:
704 2211 941 2251 praeviderant
957 2211 1000 2242 M
1130 2221 1168 2250 14
1190 2210 1440 2251 praevidissent
1459 2211 1504 2243 al.
1638 2220 1680 2242 22

288 2253 621 2294 Germanorumque]
638 2253 943 2295 Gugernorumque
959 2254 1083 2286 Ritter:
1107 2253 1410 2294 Cugernorumque
1427 2253 1570 2286 Maller:
1591 2253 1681 2285 Tun-

288 2307 496 2339 grorumque
510 2296 662 2328 Heraeus
1662 2337 1664 2339 Ι

331 2340 385 2373 16.
413 2351 432 2372 2
456 2349 608 2372 sesecum
626 2339 676 2382 M,
687 2342 772 2382 post.
789 2350 827 2373 se
843 2339 902 2372 del.
922 2340 962 2371 M
967 2340 977 2361 ¹
1115 2350 1136 2380 3
1159 2338 1419 2384 can'ninefatem
1438 2339 1488 2382 M,
1506 2340 1582 2372 item
1598 2350 1628 2373 v.
1647 2340 1678 2380 8,

288 2383 325 2424 cf.
343 2388 445 2425 supra
461 2393 487 2415 c.
511 2391 549 2422 15
