1748 2826
173 128 193 166 Ι
213 138 266 176 32
658 130 937 171 CORNELII
967 131 1162 171 TACITI

141 242 192 279 32
371 237 562 278 Vniversa
600 238 676 277 iam
716 240 826 289 plebs
867 239 1060 278 Palatium
1095 240 1296 292 implebat,
1332 241 1460 281 mixtis
1491 242 1605 282 servi-

211 302 273 341 tiis
299 308 337 341 et
363 301 524 342 dissono
550 305 721 343 clamore
751 305 914 343 caedem
944 304 1115 344 Othonis
1145 312 1183 344 et
1210 305 1501 346 coniuratorum
1529 307 1604 348 exi-

211 367 308 406 tium
337 368 585 419 poscentium
615 376 657 408 ut
687 369 718 408 si
745 369 785 407 in
815 369 919 409 circo
944 377 1010 408 aut
1037 372 1189 410 theatro
1216 371 1411 412 ludicrum
1439 373 1603 425 aliquod

210 434 478 483 postularent:
520 447 649 484 neque
679 434 752 472 illis
782 434 973 473 iudicium
1003 442 1071 474 aut
1100 435 1250 484 veritas,
1282 436 1431 488 quippe
1460 439 1602 478 eodem

173 506 191 538 5
210 496 275 536 die
312 497 465 537 diversa
501 497 583 549 pari
623 498 836 538 certamine
883 500 1147 550 postulaturis,
1195 503 1265 541 sed
1304 501 1447 542 tradito
1494 517 1604 544 more

209 573 502 614 quemcumque
533 562 750 614 principem
783 564 973 604 adulandi
1004 564 1162 605 licentia
1195 566 1532 606 adclamationum
1564 574 1604 607 et

209 625 349 664 studiis
369 625 561 666 inanibus.

267 689 430 729 Interim
459 692 628 731 Galbam
657 693 759 732 duae
786 692 1003 732 sententiae
1027 692 1294 734 distinebant:
1324 694 1439 735 Titus
1461 694 1603 736 Vinius

210 756 453 794 manendum
482 755 583 795 intra
611 757 788 805 domum,
819 758 1061 808 opponenda
1089 758 1254 807 servitia,
1284 760 1499 800 firmandos
1523 760 1604 800 adi·
1653 763 1659 768 '

152 833 192 856 10
209 825 283 867 tus,
314 833 396 859 non
425 821 602 860 eundum
631 822 683 860 ad
712 821 830 860 iratos
859 822 1072 862 censebat:
1112 823 1223 862 daret
1251 825 1444 863 malorum
1473 824 1606 875 paeni-

1503 873 1598 889 *ἢ*

209 883 366 937 tentiae,
400 886 512 924 daret
545 886 741 925 bonorum
773 885 985 925 consensui
1023 886 1218 937 spatium:
1262 889 1409 928 scelera
1440 887 1602 940 impetu,

208 950 316 989 bona
347 950 512 989 consilia
545 964 656 990 mora
685 952 892 999 valescere,
926 950 1100 1005 denique
1133 951 1255 992 eundi
1288 954 1402 1002 ultro,
1436 953 1468 993 si
1505 955 1604 995 ratio

208 1014 267 1061 sit,
290 1014 459 1053 eandem
486 1027 579 1054 mox
598 1015 835 1063 facultatem,
865 1028 1094 1066 regressum,
1123 1015 1155 1055 si
1185 1024 1394 1068 paemteat,
1415 1017 1457 1058 in
1476 1020 1604 1070 aliena

207 1085 412 1130 potestate.
432 1087 449 1114 l

138 1148 219 1186 331
371 1143 655 1183 Festinandum
713 1143 852 1183 ceteris
899 1144 1106 1184 videbatur
1151 1152 1366 1197 antequam
1412 1155 1602 1188 cresceret

208 1207 379 1248 invalida
394 1209 525 1247 adhuc
539 1207 759 1248 coniuratio
773 1221 990 1259 paucorum
1007 1224 1014 1248 ε
1044 1208 1328 1260 trepidaturum
1345 1210 1463 1250 etiam
1478 1211 1603 1252 Otho-

208 1287 311 1322 nem,
352 1273 419 1325 qui
458 1272 589 1312 furtim
627 1271 835 1324 digresSus,
873 1274 924 1311 ad
963 1272 1117 1323 ignaros
1156 1273 1310 1321 inlatus,
1350 1275 1602 1316 cunctatione

209 1352 315 1378 nune
348 1346 387 1379 et
416 1337 580 1389 segnitia
614 1337 823 1378 terentium
853 1344 1010 1388 tempus
1044 1337 1186 1376 imitari
1214 1337 1433 1390 principem
1462 1339 1600 1380 discat.

169 1419 187 1452 5
208 1417 289 1443 non
319 1405 607 1455 expectandum
635 1410 678 1442 ut
703 1401 933 1454 compositis
957 1402 1092 1441 castris
1112 1403 1239 1442 forum
1267 1404 1426 1444 invadat
1451 1411 1490 1444 et
1515 1418 1600 1456 pro-

207 1475 411 1520 spectante
441 1467 571 1508 Galba
602 1467 844 1519 Capitolium
882 1468 1010 1515 adeat‚
1041 1467 1137 1506 dum
1176 1467 1352 1518 egregius
1390 1468 1601 1520 imperator

207 1546 298 1572 cum
325 1533 490 1573 fortibus
513 1532 649 1572 amicis
675 1531 793 1571 ianua
818 1545 864 1571 ac
891 1531 1026 1572 limine
1057 1539 1171 1571 tenus
1190 1533 1356 1572 domum
1376 1534 1509 1582 cludit,
1532 1536 1600 1575 ob-

208 1596 403 1637 sidionem
430 1597 614 1637 nimirum
645 1599 886 1637 toleraturus.
944 1604 983 1637 et
1007 1598 1249 1649 praeclarum
1278 1598 1319 1638 in
1345 1598 1464 1639 servis
1492 1600 1598 1640 auxi·
1638 1651 1646 1657 .

207 1662 304 1702 lium
334 1662 368 1702 si
395 1675 612 1702 consensus
643 1669 776 1701 tantae
805 1661 1067 1702 multitudinis
1097 1669 1146 1710 et,
1169 1675 1271 1713 quae
1297 1663 1508 1714 plurimum
1537 1678 1598 1704 va-

150 1743 190 1766 10
207 1727 272 1775 let,
303 1726 430 1779 prima
466 1727 684 1779 indignatio
723 1729 982 1779 elanguescat.
1042 1727 1209 1779 proinde
1249 1728 1375 1768 intuta
1405 1742 1506 1780 quae
1543 1729 1599 1769 in-

206 1793 351 1832 decora
367 1807 378 1841 3
415 1795 475 1832 vel
509 1793 540 1832 si
575 1794 716 1832 cadere
750 1806 912 1832 necesse
946 1793 1006 1842 sit,
1038 1795 1325 1833 occurrendum
1353 1793 1596 1834 discrimini:

206 1856 247 1897 id
277 1858 429 1898 Othoni
458 1857 688 1898 invidiosius
718 1866 756 1898 et
787 1858 881 1910 ipsis
910 1860 1134 1898 honestum.
1193 1865 1476 1910 repugnantem
1503 1857 1597 1898 huic

206 1920 424 1962 sententiae
457 1923 620 1962 Vinium
656 1925 763 1964 Laco
801 1923 1005 1963 minaciter
1035 1922 1186 1971 invasit,
1223 1922 1448 1963 stimulante
1486 1923 1596 1963 Icelo

204 1987 343 2039 privati
363 1987 444 2028 odii
465 1989 678 2040 pertinacia
697 1989 737 2027 in
758 1989 961 2040 publicum
981 1988 1152 2027 exitium.

249 2094 306 2129 32.
337 2097 351 2119 1
378 2088 532 2128 implerat
548 2087 723 2120 Acidalius
854 2099 873 2118 2
898 2086 1039 2119 exitium
1055 2086 1246 2119 Aa'dalius:
1270 2085 1400 2118 exitum
1419 2083 1462 2116 M
1574 2094 1596 2126 3

205 2136 263 2163 aut
278 2130 326 2164 ed.
344 2130 533 2172 Spirensis:
559 2141 579 2162 a
597 2131 637 2162 M
651 2142 659 2162 ι
684 2141 723 2163 ac
739 2130 814 2163 dett.
947 2140 968 2171 5
993 2131 1047 2162 die
1063 2129 1112 2170 M,
1129 2140 1207 2161 corr.
1227 2128 1266 2160 M
1275 2128 1286 2149 ¹
1426 2139 1466 2160 12
1489 2128 1593 2170 bona]

205 2185 299 2206 mora
315 2178 458 2217 coeperat
467 2174 600 2207 scribere
610 2173 652 2204 M
717 2175 857 2215 spiratio
874 2174 917 2205 M
1003 2184 1042 2214 13
1065 2183 1256 2214 regressum
1268 2172 1393 2204 Ritter:
1418 2181 1595 2212 regressus

205 2217 254 2257 M,
270 2217 378 2250 Halm

249 2268 309 2302 33.
335 2272 355 2293 2
379 2271 558 2303 paucorum
575 2261 759 2300 suspicatur
772 2260 890 2292 Nova'k
991 2270 1011 2300 5
1034 2260 1119 2302 non]
1136 2269 1216 2291 num
1232 2258 1258 2289 I.
1281 2257 1465 2308 Gronov-ius
1574 2267 1592 2297 7

205 2305 321 2347 tenus]
340 2315 378 2337 se
401 2310 502 2336 tuens
517 2304 691 2335 Nicholson
828 2305 948 2336 domus
965 2303 1007 2335 M
1134 2302 1313 2334 obsidione
1335 2310 1491 2333 nimirum
1510 2300 1591 2333 tole·

205 2353 337 2382 raturos
353 2346 396 2379 M
512 2358 534 2388 9
557 2352 724 2379 consensu
741 2347 783 2378 M
867 2347 978 2378 valeat
1004 2346 1112 2379 Ritter
1236 2355 1276 2377 10
1298 2344 1486 2384 indignatio
1500 2343 1593 2376 elan-

203 2396 345 2432 guescat
359 2391 388 2424 Ῑ.
405 2390 614 2423 Gronovius:
639 2390 872 2431 indignatione
888 2390 1087 2429 languescat
1105 2388 1145 2420 M
1159 2400 1166 2421 :
1190 2387 1378 2428 indignatio
1394 2387 1594 2428 languescat

203 2435 276 2475 det„
292 2433 410 2467 Nova'k
425 2444 433 2466 ε
456 2433 642 2474 indignatio
665 2433 896 2474 relanguescat
911 2432 1018 2465 Halm
1107 2431 1248 2473 perinde
1266 2430 1446 2472 Nipperdey
1552 2440 1594 2472 13

204 2477 309 2521 hicelo
325 2476 369 2511 M
