1748 2826
111 0 151 11 ''¹7'l

1 64 14 79 Α
35 55 37 57 ,

0 2619 6 2662 ‚mu-n
0 2503 9 2613 ›m-fl-m--f,v
0 2403 9 2496 ,ῆς-«κ,-
0 2353 8 2395 -v-
0 2321 4 2333 -
0 2286 4 2305 ψ
0 2272 1 2276 Α
0 2225 5 2264 mv·
2 2203 7 2206 .

441 145 850 186 HISTORIARVM
882 145 1055 183 LIBER
1086 143 1144 182 IV
1434 145 1493 183 IV
1511 152 1571 192 40

85 259 138 301 de
164 259 313 300 Pisone
335 256 497 299 inritum
525 256 610 296 suit.
668 263 753 296 tum
784 262 889 295 sorte
916 255 1026 296 ducti
1055 268 1126 308 per
1154 268 1256 308 quos
1286 256 1495 296 redderen-

83 331 148 364 tur
175 324 284 365 bello
311 329 438 375 rapta,
466 321 616 374 quique
644 334 736 362 aera
770 322 903 373 legum
932 328 1129 362 vetustate
1163 323 1328 373 delapsa
1357 334 1495 363 nosce-

82 397 172 431 rent
199 390 457 442 figerentque,
487 395 528 429 et
557 389 680 429 fastos
709 387 941 428 adulatione
968 395 1195 440 temporum
1225 388 1408 428 foedatos
1432 400 1497 428 ex-

83 462 296 498 onerarent
335 456 584 507 modumque
623 454 794 507 publicis
834 453 1026 506 impensis
1065 455 1252 494 facerent.
1315 453 1496 494 redditur
1519 465 1558 491 10

82 520 220 564 Tettio
244 519 418 561 'Iuliano
456 527 648 573 praetura,
684 527 900 572 postquam
939 520 1122 571 cognitus
1161 527 1221 560 est
1259 520 1312 559 ad
1346 521 1496 571 Vespa-

83 587 240 628 sianum
266 585 517 638 confugisse:
547 588 684 639 Grypo
710 587 840 625 honor
866 585 1027 626 mansit.
1084 584 1210 637 repeti
1239 586 1333 625 inde
1363 584 1497 636 cogni-

82 653 237 695 tionem
261 652 364 692 inter
388 651 624 692 Musonium
652 653 805 692 Rufum
834 658 874 691 et
903 652 1092 691 Publium
1122 651 1305 692 Celerem
1334 651 1495 702 placuit,

82 721 379 770 damnatusque
400 717 566 758 Publius
581 725 620 758 et
636 717 775 758 Sorani
796 717 982 757 manibus
1003 718 1097 757 satis
1118 717 1281 757 factum.
1331 716 1497 768 insignis

86 783 252 838 publica
270 782 478 824 severitate
503 782 590 823 dies
617 796 669 823 ne
694 782 876 834 privatim
905 782 1070 834 quidem
1097 782 1216 822 laude
1246 781 1383 822 caruit.
1443 783 1499 821 iu·
1520 797 1559 831 15

83 857 192 891 stum
211 848 406 890 iudicium
426 850 607 900 explesse
634 847 848 888 Musonius
869 847 1090 896 videbatur,
1113 847 1270 888 diversa
1291 849 1398 888 fama
1419 849 1498 888 De-

83 915 228 957 metrio
250 914 446 968 Cynicam
466 922 617 955 sectam
638 915 830 966 professo,
853 914 964 965 quod
991 912 1250 953 manifestum
1278 926 1390 953 reum
1415 926 1497 953 am-

83 980 270 1023 bitiosius
290 994 413 1033 quam
434 981 642 1021 honestius
661 979 934 1020 defendisset:
973 978 1048 1030 ipsi
1079 979 1226 1019 Publio
1254 991 1388 1030 neque
1416 978 1497 1019 ani-

84 1061 174 1089 mus
202 1047 244 1088 in
271 1045 456 1099 periculis
482 1059 614 1098 neque
640 1045 767 1086 oratio'
796 1043 1078 1097 suppeditavit.
1137 1043 1252 1096 signo
1273 1043 1435 1084 ultionis
1456 1045 1497 1085 in

83 1118 336 1155 accusatores
367 1113 476 1161 dato,
505 1111 605 1164 petit
635 1125 659 1151 a
693 1112 864 1153 Caesare
899 1111 1042 1150 Iunius
1078 1111 1284 1150 Mauricus
1319 1116 1363 1150 ut
1391 1123 1498 1150 com·
1519 1128 1560 1152 20

84 1177 369 1220 mentatiorum
407 1176 686 1230 principalium
734 1183 974 1229 potestatem
1023 1175 1178 1216 senatui
1222 1177 1382 1225 faceret,
1428 1189 1499 1227 per

84 1257 187 1296 quos
216 1250 399 1285 nosceret
428 1255 551 1295 quem
577 1242 748 1295 quisque
775 1242 1051 1282 accusandum
1081 1241 1348 1294 poposcisset.
1404 1255 1498 1282 con-

84 1307 300 1352 sulendum
319 1308 390 1350 tali
409 1322 528 1361 super
548 1321 589 1348 re
608 1307 830 1360 principem
850 1307 1070 1360 respondit.

195 1390 199 1392 ·
249 1375 418 1416 Senatus
456 1373 739 1414 inchoantibus
777 1372 1016 1425 primoribus
1056 1372 1117 1414 ius
1156 1372 1370 1414 iurandum
1404 1386 1497 1414 con·
1516 1380 1564 1420 41

85 1441 192 1494 cepit
222 1441 306 1492 quo
338 1441 519 1481 certatim
550 1453 692 1481 omnes
721 1439 985 1491 magistratus,
1017 1438 1150 1489 ceteri,
1182 1447 1227 1480 ut
1254 1440 1496 1481 sententiam

85 1506 338 1559 rogabantur,
361 1507 460 1547 deos
484 1505 596 1546 testis
625 1506 890 1555 advocabant,
914 1504 1014 1545 nihil
1041 1517 1119 1557 ope
1145 1518 1218 1546 sua
1244 1506 1394 1546 factum
1415 1519 1497 1558 quo

85 1573 324 1624 cuiusquam
350 1572 456 1612 salus
485 1572 719 1620 laederetur,
740 1584 873 1622 neque
900 1584 943 1612 se
969 1570 1192 1623 praemium
1211 1578 1280 1611 aut
1300 1572 1497 1613 honorem

85 1652 135 1680 ex
165 1636 391 1679 calamitate
424 1635 572 1678 civium
606 1638 771 1689 cepisse,
803 1636 969 1688 trepidis
997 1644 1037 1677 et
1066 1636 1188 1677 verba
1217 1635 1311 1676 iuris
1340 1636 1497 1678 iurandi
1519 1649 1538 1683 5

86 1717 159 1758 per
188 1703 316 1745 varias
348 1702 443 1745 artis
476 1702 736 1752 mutantibus,
773 1702 862 1755 quis
896 1702 1032 1754 flagitii
1070 1701 1319 1744 conscientia
1356 1704 1495 1744 inerat.

85 1768 312 1822 probabant
352 1768 585 1822 religionem
632 1775 775 1821 patres,
820 1767 1036 1820 periurium
1075 1768 1323 1820 arguebant3
1369 1781 1498 1820 eaque

86 1836 194 1877 velut
213 1847 383 1876 censura
401 1835 443 1875 in
463 1835 713 1875 Sariolenum
733 1835 931 1874 Voculam
960 1841 1000 1874 et
1025 1833 1206 1875 Nonium
1227 1833 1438 1875 Attianum
1458 1841 1498 1875 et

83 1899 270 1942 Cestium
299 1900 489 1942 Severum
518 1899 711 1941 acerrime
746 1899 941 1950 incubuit,
975 1899 1122 1940 crebris
1153 1900 1262 1951 apud
1292 1901 1497 1941 Neronem

87 1965 356 2008 delationibus
395 1967 583 2008 famosos.
654 1965 904 2007 Sariolenum
943 1973 983 2006 et
1021 1979 1159 2007 recens
1197 1965 1350 2007 crimen
1389 1980 1498 2019 urge·
1522 1980 1563 2003 10

86 2031 170 2082 bat,
198 2034 311 2085 quod
337 2034 447 2086 apud
472 2033 682 2075 Vitellium
711 2033 874 2075 molitus
903 2035 1046 2075 eadem
1075 2034 1203 2074 foret:
1240 2046 1316 2074 nec
1345 2034 1498 2074 destitit

88 2149 107 2179 7
131 2139 290 2180 pisonem
308 2138 352 2170 M
480 2138 502 2169 8
525 2137 663 2170 delabsa
680 2138 730 2178 M,
749 2149 828 2170 corr.
848 2138 890 2169 M
895 2137 925 2170 ¹:
951 2137 1083 2178 dilapsa
1102 2138 1146 2171 al.
1282 2148 1305 2179 9
1328 2147 1498 2170 exonora-

88 2188 166 2215 rent
181 2182 224 2214 M
311 2192 352 2214 12
376 2180 501 2224 gripho
519 2182 567 2220 M,
586 2182 668 2222 conf.
688 2182 732 2215 iii.
751 2191 793 2222 52
886 2191 924 2221 13
949 2182 1140 2213 masonium
1157 2182 1205 2222 M,
1225 2192 1245 2213 o
1260 2186 1420 2222 superscr.
1439 2181 1480 2213 M
1484 2181 1496 2202 ¹

91 2235 131 2267 15
158 2225 290 2258 cauruit
313 2225 358 2258 M
485 2227 525 2257 16
548 2225 723 2267 iudicium]
753 2226 899 2257 officium
926 2225 1132 2267 Nipperdey:
1160 2227 1284 2258 iustam
1313 2225 1497 2257 vindictam

88 2269 210 2302 Meam
305 2268 404 2312 fama!
421 2269 464 2301 M
560 2269 603 2301 de
613 2272 690 2311 post
711 2269 800 2301 fama
823 2268 900 2301 add.
927 2268 1081 2301 Heraeus
1201 2279 1239 2310 17
1265 2268 1443 2302 abitiosius
1459 2269 1503 2301 M

91 2314 134 2347 18
156 2316 226 2354 ³53
253 2313 298 2345 M
307 2324 316 2346 τ
339 2314 437 2346 affius
459 2311 516 2345 M¹
632 2323 676 2345 20
699 2313 797 2354 petiit
818 2312 999 2354 Nipperdey
1098 2312 1268 2345 Mauricus
1290 2312 1497 2345 Beroaldus:

89 2357 237 2390 mai-icus
252 2357 296 2389 M
405 2367 444 2390 21
463 2357 591 2389 faceret
606 2356 680 2399 quel
699 2357 748 2398 M,
767 2362 833 2398 que
849 2356 908 2390 del.
928 2356 985 2387 M¹
1119 2366 1161 2397 23
1184 2357 1262 2388 talis
1277 2357 1320 2388 M

133 2407 188 2443 41.
213 2412 234 2440 4
258 2410 420 2442 cusquam
436 2400 485 2440 M,
504 2410 582 2432 corr.
602 2400 658 2431 Μ2
822 2410 842 2442 5
866 2400 1027 2443 cepisset!
1046 2399 1089 2432 M
1245 2402 1267 2431 6
1292 2399 1430 2440 flagitiis
1447 2399 1496 2442 M,

88 2455 169 2479 corr.
187 2444 245 2476 M¹
381 2455 416 2477 11
444 2445 548 2478 destit
564 2444 607 2478 M

1348 2488 1409 2523 15*
