1748 2826
159 142 225 181 ΙΙΙ
245 143 290 181 18
594 177 598 179 r
698 143 972 184 CORNELII
1001 144 1198 184 TACITI

178 253 223 291 18
404 256 471 294 Ad
509 262 692 306 quartum
734 268 758 294 a
795 256 995 295 Cremona
1041 254 1215 306 lapidem
1256 256 1399 294 fulsere
1440 253 1641 305 legionum

242 320 354 372 signa
382 320 555 372 Rapacis
585 327 705 371 atque
736 320 907 369 Italicae,
940 322 1045 361 laeto
1073 320 1174 359 inter
1202 319 1312 359 initia
1343 319 1521 371 equitum
1555 332 1643 360 suo-

241 400 327 426 rum
347 386 498 438 proelio
518 385 612 425 illuc
631 399 757 436 usque
778 391 973 436 provecta.
1032 385 1103 424 sed
1122 384 1193 424 ubi
1212 386 1370 424 fortuna
1393 390 1531 424 contra
1555 382 1640 432 fuit,

239 465 321 491 non
355 452 482 490 laxare
521 450 690 499 ordines,
725 463 807 489 non
845 449 1019 501 recipere
1052 450 1241 498 turbatos,
1273 463 1355 489 non
1393 448 1552 489 obviam
1585 447 1640 488 ire

199 529 218 562 5
237 518 422 567 ultroque
458 514 620 566 adgredi
658 516 814 554 hostem
847 522 1003 554 tantum
1041 528 1110 565 per
1142 514 1313 565 spatium
1352 527 1468 554 cursu
1502 520 1542 555 et
1571 525 1641 564 pu-

234 582 399 632 gnando
436 582 608 620 fessum..
654 578 770 633 [forte
807 577 919 633 victi]
958 581 1066 620 haud
1096 578 1261 630 perinde
1293 579 1410 618 rebus
1443 577 1639 630 prosperis

236 648 381 687 ducem
411 645 732 686 desideraverant
758 652 878 695 atque
907 644 948 684 in
975 644 1150 684 adversis
1179 645 1318 683 deesse
1343 643 1635 695 intellegebant.

237 717 444 750 nutantem
473 709 600 749 aciem
620 709 744 749 victor
770 709 968 759 equitatus
994 708 1197 758 incursat;
1223 715 1264 750 et
1283 708 1498 760 Vipstanus
1528 710 1656 749 Mes-.

235 776 318 814 sala
361 775 541 815 tribunus
583 787 674 813 cum
724 773 911 813 Moesicis
958 773 1211 813 auxiliaribus
1255 773 1496 825 adsequitur,
1536 786 1637 826 quos

178 853 216 876 10
236 839 348 879 multi
377 853 400 879 e
429 839 650 891 legionariis
678 852 920 889 quamquam
950 839 1091 889 raptim
1121 839 1264 878 ductos
1290 839 1540 890 aequabant:
1583 839 1637 879 ita

237 904 380 943 mixtus
409 905 532 955 pedes
561 916 762 954 equesque
795 917 934 953 rupere
967 902 1169 954 legionum
1200 916 1352 954 agmen.
1411 910 1451 945 et
1480 902 1637 954 propin-

236 982 315 1019 qua
340 968 671 1009 Cremonensium
692 967 850 1007 moenia
869 975 1018 1018 quanto
1045 969 1133 1018 plus
1160 967 1244 1018 spei
1273 968 1325 1007 ad
1351 967 1537 1019 effugium
1567 967 1637 1007 mi-

235 1047 373 1073 norem
403 1035 455 1074 ad
484 1033 748 1073 resistendum
778 1032 956 1072 animum
985 1034 1146 1072 dabant.
1204 1045 1279 1072 nec
1307 1031 1507 1072 Antonius
1535 1033 1637 1075 ultra

234 1097 384 1146 institit,
407 1112 560 1138 memor
578 1097 723 1138 laboris
749 1111 796 1137 ac
816 1099 1035 1145 vulnerum,
1056 1097 1201 1148 quibus
1226 1104 1307 1137 tam
1331 1110 1478 1149 anceps
1497 1096 1635 1148 proelii

174 1180 211 1212 15
233 1163 400 1212 fortuna,
441 1163 622 1214 quamvis
658 1176 846 1215 prospero
885 1164 975 1210 fine,
1016 1163 1172 1213 equites¹
1213 1175 1420 1213 equosque
1461 1161 1635 1203 adflicta-

232 1235 351 1268 verat.

162 1301 211 1340 19
396 1292 656 1333 Inumbrante
706 1305 869 1343 vespera
924 1291 1150 1331 universum
1209 1290 1385 1330 Flaviani
1440 1290 1632 1331 exercitus

231 1357 351 1397 robur
376 1357 548 1397 advenit.
606 1364 729 1407 utque
756 1357 936 1396 cumulos
963 1369 1081 1407 super
1109 1363 1148 1395 et
1177 1355 1349 1395 recentia
1371 1356 1495 1396 caede
1518 1355 1633 1397 vesti-

230 1423 294 1474 gia
326 1423 534 1470 incessere,
557 1421 669 1473 quasi
700 1422 943 1462 debellatum
975 1423 1085 1469 foret,
1121 1434 1281 1472 pergere
1313 1421 1554 1461 Cremonam
1591 1427 1632 1461 et

226 1486 354 1535 *victos
373 1487 414 1526 in
434 1486 681 1527 deditionem
701 1485 879 1536 accipere
905 1492 972 1525 aut
998 1499 1220 1536 expugnare
1240 1486 1474 1536 deposcunt.
1531 1486 1631 1526 haec

190 1566 209 1600 5
229 1552 271 1592 in
304 1551 449 1600 medio,
486 1552 651 1603 pulchra
684 1550 818 1590 dictu:
857 1550 923 1590 illa
961 1549 1035 1589 sibi
1069 1549 1250 1601 quisque,
1280 1563 1398 1601 posse
1430 1549 1630 1591 coloniam

228 1621 348 1670 plano
386 1617 501 1658 sitam
535 1617 686 1668 impetu
717 1615 816 1667 capi.
875 1615 983 1655 idem
1022 1614 1212 1655 audaciae
1245 1628 1315 1666 per
1352 1614 1536 1655 tenebras
1573 1613 1630 1654 in-

228 1682 503 1734 rumpentibus
532 1689 572 1722 et
600 1681 790 1722 maiorem
818 1680 996 1732 rapiendi
1026 1680 1237 1720 licentiam.
1296 1680 1407 1730 quod
1434 1678 1468 1720 si
1495 1680 1628 1721 lucem

227 1748 495 1801 opperiantur,
515 1747 594 1786 iam
621 1759 772 1797 pacem,
794 1745 874 1786 iam
902 1758 1050 1797 preces,
1072 1752 1111 1784 et
1137 1758 1210 1796 pro
1234 1744 1371 1784 labore
1397 1756 1446 1784 ac
1463 1743 1630 1784 vulneri-

227 1814 302 1853 bus
331 1812 583 1853 clementiam
613 1819 651 1852 et
678 1811 856 1863 gloriam,
882 1810 1025 1859 inania,
1055 1811 1213 1858 laturos,
1243 1810 1314 1849 sed
1342 1821 1440 1860 opes
1468 1809 1629 1850 Cremo-

172 1894 209 1917 10
228 1879 411 1919 nensium
431 1879 473 1918 in
492 1878 582 1918 sinu
600 1879 887 1930 praefectorum
913 1879 1211 1928 legatorumque
1230 1876 1323 1915 fore.
1381 1881 1627 1926 expugnatae

227 1944 342 1984 urbis-
354 1945 542 1995 praedam
568 1944 620 1983 ad
649 1943 826 1991 militem,
849 1942 1008 1983 deditae
1033 1943 1085 1982 ad
1112 1943 1235 1982 duces
1261 1939 1465 1992 pertinere.
1525 1930 1625 1991 sperss

227 2016 373 2049 nuntur
393 2007 645 2048 centuriones
665 2006 903 2058 tribunique,
925 2020 972 2047 ac
999 2020 1050 2047 ne
1075 2019 1153 2046 vox
1178 2005 1412 2056 cuiusquam
1431 2002 1624 2051 audiatur,

225 2073 408 2126 quatiunt
426 2086 545 2121 arma,
568 2072 719 2124 rupturi
739 2071 948 2124 imperium
968 2071 1008 2110 ni
1029 2072 1234 2111 ducantur.

267 2176 323 2211 18.
346 2187 367 2217 3
391 2181 582 2217 provectas.
630 2181 664 2208 et
681 2175 724 2207 M
859 2176 881 2207 6
904 2175 991 2206 forte
1008 2174 1088 2207 victi
1105 2173 1174 2206 secl.
1193 2173 1346 2206 Eussner
1387 2171 1484 2213 victi]
1501 2172 1624 2205 victuri

222 2217 402 2263 'Agm'colaz
441 2221 524 2252 recti
547 2219 724 2251 Heraeus:
759 2218 848 2250 ducti
878 2218 990 2249 Halm
1013 2221 1044 2249 et
1065 2218 1126 2252 alii
1147 2217 1215 2249 alia
1342 2217 1381 2247 -8
1404 2215 1624 2257 equitaltatus

223 2264 266 2296 M
380 2264 570 2304 Vipstanus
596 2263 788 2304 Rupertus:
821 2262 981 2302 vipsanus
1009 2261 1050 2292 M
1218 2271 1259 2292 10
1281 2259 1377 2291 multi
1410 2269 1430 2290 e
1460 2258 1624 2291 Dfibner:

220 2307 374 2349 millitiae
392 2307 435 2339 M
512 2317 612 2338 cursu
629 2305 819 2346 aequabant
835 2304 1018 2347 Nipperdey

266 2359 321 2392 19.
348 2361 368 2382 2
392 2360 570 2390 corporum
587 2349 741 2381 cumulos
758 2348 873 2387 Ritter,
898 2348 965 2380 coll.
984 2347 1032 2380 A.
1052 2348 1121 2380 xiv.
1137 2357 1178 2388 37
1311 2357 1332 2386 3
1356 2346 1528 2377 incessere
1545 2344 1621 2377 Ml:

222 2404 402 2427 accessere
420 2393 462 2424 M
600 2394 622 2423 6
646 2393 680 2423 in
698 2391 797 2431 plano
815 2391 1024 2423 Puteolanus
1175 2400 1198 2430 9
1223 2389 1384 2432 inanilnia
1400 2388 1448 2426 M,
1465 2397 1548 2422 corr.
1566 2387 1608 2421 M
1610 2386 1622 2408 ²

226 2446 265 2478 13
288 2436 486 2478 quatiuntur
505 2434 547 2467 M
