1748 2826
160 161 226 199 III
247 172 276 210 9
511 169 521 177 '
697 164 967 203 CORNELII
996 165 1192 205 TACITI

195 281 223 320 9
406 274 530 326 Igitur
567 276 774 327 repentino
811 275 970 315 incursu
1002 276 1202 316 Antonius
1236 276 1636 319 stationes‘hostium

245 338 392 391 inrupit
404 355 415 389 3
445 340 726 391 temptatisque
751 340 828 379 levi
854 341 1003 392 proelio
1026 341 1168 381 animis
1189 356 1236 382 ex
1253 357 1383 394 aequo
1403 342 1633 384 discessum.

224 400 336 443 ‘mox
369 404 542 445 Caecina
578 405 680 444 inter
710 405 935 454 Hostiliam,
965 406 1095 446 vicum
1124 409 1429 458 Veronensium,
1461 415 1501 448 et
1529 410 1638 461 palu·

245 470 317 508 des
343 470 494 509 Tartari
523 470 697 510 fluminis
724 478 849 510 castra
875 471 1100 522 permuniit,
1134 479 1241 512 tutus
1271 474 1372 522 loco,
1407 486 1499 513 curn
1529 481 1637 526 terga

206 547 223 580 5
242 533 418 583 flumine,
445 537 565 575 latera
591 535 751 575 obiectu
778 535 933 587 paludis
963 543 1194 587 tegerentur.
1253 539 1362 588 quod
1389 537 1422 577 si
1444 538 1636 580 adfuisset

242 600 352 647 fides,
383 608 450 639 aut
477 600 646 652 opprimi
671 600 861 640 universis
881 601 1184 641 Vitellianorum
1213 602 1360 642 viribus
1388 600 1492 643 duae
1519 603 1636 656 legio-

241 677 323 712 nes,
360 667 540 705 nondum
570 665 786 706 coniuncto
817 665 999 705 Moesico
1022 667 1203 715 exercitu,
1235 675 1409 718 potuere,
1437 675 1505 709 aut
1533 676 1636 710 retro

241 736 354 769 actae
373 731 528 770 deserta
552 731 667 770 Italia
687 738 841 783 turpem
866 732 998 782 fugam
1020 732 1315 772 conscivissent.
1371 734 1442 774 sed
1462 735 1637 777 Caecina

242 806 311 844 per
330 794 455 834 varias
482 809 611 835 moras
640 795 766 846 prima
794 795 976 836 hostibus
999 796 1173 847 prodidit
1199 804 1376 849 tempora
1402 798 1507 849 belli,
1538 801 1636 841 dum

182 872 223 895 10
242 871 342 909 quos
372 859 489 898 armis
522 862 667 911 pellere
701 868 929 912 promptum
961 869 1052 910 erat,
1083 861 1260 913 epistulis
1289 862 1476 915 increpat,
1505 866 1636 907 donec

240 937 310 974 per
338 924 499 964 nuntios
527 933 642 976 pacta
662 925 849 976 perfidiae
878 927 1060 966 firmaret.
1117 927 1275 966 interim
1297 928 1480 979 Aponius
1507 931 1637 972 Satur-

241 988 359 1027 ninus
388 1001 478 1028 cum
503 989 658 1040 legione
684 990 852 1041 septima
881 991 1102 1031 Claudiana
1121 992 1291 1032 advenit.
1349 993 1496 1046 legioni
1517 994 1636 1038 tribu-

242 1066 316 1092 nus
354 1053 570 1104 Vipstanus
610 1056 783 1094 Messala
820 1063 1006 1106 praeerat,
1043 1056 1156 1096 claris
1194 1058 1418 1109 maioribus,
1457 1063 1635 1114 egregius

241 1117 326 1168 ipse
349 1125 388 1157 et
408 1119 476 1169 qui
502 1121 609 1159 solus
637 1121 688 1160 ad
712 1120 754 1160 id
783 1121 931 1160 bellum
961 1121 1053 1160 artis
1076 1122 1202 1161 bonas
1225 1124 1429 1165 attulisset.
1487 1127 1558 1167 has
1583 1130 1635 1168 ad

183 1197 220 1231 15
241 1183 375 1234 copias
405 1197 656 1235 nequaquam
677 1185 900 1225 Vitellianis
925 1188 1027 1237 paris
1055 1186 1222 1239 (quippe
1249 1196 1327 1228 tres
1356 1192 1490 1231 adhuc
1517 1193 1635 1244 legio-

240 1261 310 1287 nes
349 1248 476 1300 erant)
516 1249 620 1289 misit
651 1251 838 1301 epistulas
878 1252 1061 1300 Caecina,
1095 1254 1356 1294 temeritatem
1386 1256 1489 1296 victa
1525 1272 1635 1299 arma

240 1313 492 1352 tractantium
523 1313 720 1354 incusans.
778 1315 895 1355 simul
923 1317 1044 1356 virtus
1075 1319 1300 1360 Germanici
1334 1323 1524 1364 exercitus
1555 1326 1634 1365 lau-

240 1377 358 1417 dibus
390 1379 652 1427 attollebatur,
675 1380 822 1419 Vitellii
853 1381 1010 1421 modica
1039 1390 1078 1422 et
1108 1384 1255 1435 vulgari
1282 1386 1496 1437 mentione,
1525 1391 1634 1430 nulla

241 1442 281 1480 in
305 1443 595 1494 Vespasianum
624 1445 886 1485 contumelia:
917 1446 1015 1486 nihil
1045 1461 1203 1498 prorsus
1232 1453 1342 1502 quod
1370 1461 1438 1493 aut
1463 1468 1634 1496 corrum-

179 1522 220 1545 20
240 1509 349 1560 peret
369 1511 524 1550 hostem
545 1518 612 1550 aut
632 1519 801 1552 terreret.
861 1514 1135 1555 Flavianarum
1155 1518 1325 1567 partium
1345 1522 1467 1562 duces
1487 1524 1634 1566 omissa

239 1574 376 1624 prioris
414 1576 594 1615 fortunae
637 1577 869 1618 defensione
906 1593 977 1630 pro
1015 1582 1260 1633 Vespasiano
1302 1587 1521 1638 magnifice,
1561 1604 1634 1642 pro

240 1651 359 1678 causa
379 1640 556 1688 fidenter,
580 1642 630 1681 de
650 1643 821 1682 exercitu
846 1646 982 1693 securi,
1006 1647 1045 1685 in
1067 1648 1271 1690 Vitellium
1291 1659 1335 1691 ut
1354 1653 1503 1694 inimici
1522 1659 1632 1707 prae-

239 1718 453 1756 sumpsere,
483 1709 586 1746 facta
615 1708 781 1749 tribunis
810 1713 1187 1767 centurionibusque
1215 1708 1411 1760 retinendi
1439 1734 1542 1772 quae
1566 1721 1633 1763 Vi-

239 1769 367 1809 tellius
401 1770 627 1812 indulsisset
656 1787 726 1825 spe
741 1791 752 1824 3
789 1784 909 1828 atque
939 1779 1068 1830 ipsum
1101 1782 1316 1823 Caecinam
1350 1798 1432 1825 non
1463 1787 1633 1829 obscure

180 1847 219 1880 ²5
238 1836 289 1874 ad
310 1835 581 1877 transitionem
603 1840 870 1882 hortabantur.
929 1845 1113 1886 recitatae
1133 1861 1204 1898 pro
1225 1849 1412 1890 contione
1440 1853 1632 1902 epistulae

237 1900 427 1940 addidere
457 1903 654 1952 fiduciam,
689 1908 798 1957 quod
833 1909 1029 1950 submisse
1062 1912 1246 1962 Caecina,
1286 1916 1392 1955 velut
1429 1918 1631 1958 offendere

236 1966 525 2016 Vespasianum
546 1969 700 2020 timens,
723 1972 898 2024 ipsorum
918 1976 1040 2016 duces
1060 1978 1320 2030 contemptim
1347 1988 1550 2033 tamquam
1575 1982 1630 2023 in-

236 2031 425 2070 sultantes
445 2033 607 2074 Vitellio
629 2038 885 2088 scripsissent.

281 2142 318 2176 9.
343 2145 364 2176 3
388 2136 535 2169 hostiam
554 2139 595 2169 M
678 2142 786 2173 vicum
804 2143 1054 2177 Veronensium
1071 2147 1141 2180 secl.
1159 2147 1346 2180 Helmreich
1460 2161 1481 2190 4
1505 2152 1629 2184 cai-tari

236 2178 280 2209 M
406 2182 427 2211 8
451 2183 676 2215 concivissent
693 2185 837 2218 malebat
851 2187 961 2220 Veress
978 2189 1045 2222 coll.
1063 2190 1109 2221 A.
1129 2191 1149 2222 i.
1171 2201 1213 2230 23
1379 2203 1420 2233 13
1442 2192 1628 2234 Vipstanus

236 2221 422 2263 Ruperlus:
447 2225 622 2265 vipsanius
639 2227 680 2258 M
794 2231 950 2263 messalla
966 2231 1015 2273 M,
1034 2233 1109 2265 ilem
1126 2234 1170 2266 iii.
1194 2235 1244 2274 18,
1261 2245 1314 2275 25,
1332 2237 1386 2275 28,
1404 2237 1451 2268 iv.
1466 2247 1510 2277 42
1519 2238 1628 2280 priore

237 2266 312 2306 Ioco,
330 2268 474 2299 messala
500 2269 545 2300 iii.
567 2280 614 2308 11,
634 2271 675 2303 iv.
695 2283 738 2311 42
763 2274 904 2305 secundo
929 2276 1003 2307 loco>
1146 2287 1184 2318 15
1208 2279 1338 2320 quippe
1354 2305 1362 2312 .
1381 2302 1389 2311 .
1407 2303 1415 2311 .
1432 2285 1530 2312 erant
1555 2282 1625 2315 secl.

243 2309 469 2342 Weissenborn
561 2323 598 2352 17
622 2318 699 2345 ante
714 2316 813 2348 simul
830 2317 960 2349 duabus
976 2320 1089 2351 litteris
1104 2320 1137 2351 so
1154 2321 1186 2360 (f
1197 2324 1305 2360 erasa)
1316 2323 1478 2364 praecepit
1490 2324 1627 2358 fortuna

236 2354 256 2385 I.
271 2363 309 2384 21
323 2354 475 2386 librarius
553 2367 594 2387 22
618 2359 788 2400 exercitu]
802 2362 895 2392 exitu
906 2362 1043 2403 Lis>sius
1107 2369 1143 2396 ut
1154 2365 1295 2407 inimici]
1313 2366 1361 2398 uti
1374 2367 1477 2399 minis
1487 2366 1625 2410 Madvig

237 2399 512 2440 praesumpsere]
530 2402 738 2442 rescripsere
754 2403 788 2434 F
785 2404 967 2438 reinsheim.
1014 2407 1168 2439 turbatur
1176 2419 1256 2440 sane
1266 2410 1317 2440 hic
1322 2411 1533 2452 paginarum
1548 2412 1625 2444 ordo

239 2440 318 2479 (vid.
334 2452 362 2473 c.
371 2442 407 2482 5)
425 2446 463 2474 ut
475 2443 509 2474 in
522 2444 622 2475 codice
632 2455 891 2487 praesumpsere
904 2453 981 2488 posi
994 2455 1108 2490 partes
1125 2462 1152 2483 c.
1169 2462 1198 2491 7.
1210 2463 1232 2492 9
1246 2457 1400 2494 occurrat,
1414 2454 1501 2486 unde
1517 2455 1624 2487 Iocum

237 2484 309 2515 iure
322 2485 491 2527 suspicen's
596 2491 639 2520 26
662 2490 867 2524 summisisse
885 2492 927 2523 M
1019 2504 1059 2534 27
1084 2496 1302 2537 contemptim
1317 2497 1336 2527 b
1352 2508 1359 2530 ε
1384 2499 1572 2540 contempti
1587 2499 1624 2531 M
