1748 2826
157 156 223 193 111
242 155 294 202 38
685 156 960 196 CORNELII
990 157 1184 197 TACITI

181 280 220 312 ²5
240 266 447 305 funebrem
471 272 641 314 noctem,
664 279 743 316 qua
768 266 864 306 sciat
889 274 929 306 et
955 267 1095 306 sentiat
1121 267 1250 308 vivere
1269 267 1474 309 Vitellium
1499 275 1539 309 et
1563 269 1632 309 im-¹

240 344 374 381 perare
393 337 443 378 et,
464 330 498 369 si
517 330 615 381 quid
635 332 715 370 fato
735 330 899 379 accidat,
922 331 1046 370 filium
1065 332 1223 371 habere.

163 404 219 443 39
401 394 633 445 Trepidanti
671 394 771 434 inter
808 397 934 435 scelus
974 403 1216 446 metumque,
1255 410 1306 436 ne
1343 396 1465 437 dilata
1502 396 1633 437 Blaesi

239 473 343 499 mors
373 466 566 499 maturam
595 459 821 511 perniciem,
851 461 981 511 palam
1010 459 1115 500 iussa
1141 468 1317 501 atrocem
1345 459 1534 501 invidiam
1562 463 1635 501 fer-

239 531 306 572 ret,
339 524 487 575 placuit
519 535 674 564 veneno
704 525 867 576 grassari
880 540 892 574 3
933 525 1088 565 addidit
1118 525 1281 565 facinori
1311 527 1434 566 fidem
1467 525 1634 567 notabili

237 588 394 639 gaudio,
424 592 609 630 Blaesum
634 590 809 630 visendo.
868 589 964 640 quin
993 597 1032 629 et
1060 589 1196 629 audita
1224 597 1283 630 est
1308 590 1536 630 saevissima
1567 589 1634 630 Vi-

201 669 218 700 5
238 653 333 692 tellii
363 668 439 694 vox
472 668 551 705 qua
588 668 630 694 se
668 654 771 707 <ipsa
807 646 913 694 enim
947 655 1067 695 verba
1099 655 1280 707 referam)
1314 654 1468 706 pavisse
1496 656 1634 695 oculos

238 712 414 769 spectata
441 718 592 758 inimici
619 726 746 758 morte
775 718 942 758 iactavit.
1001 720 1145 758 Blaeso
1176 732 1292 770 super
1325 718 1541 759 claritatem
1569 730 1635 758 na-

238 782 377 822 talium
395 791 434 822 et
454 784 689 835 elegantiam
710 797 866 823 morum
886 782 980 822 fidei
1000 782 1215 823 obstinatio
1234 782 1316 822 fuit.
1361 783 1520 835 integris
1539 787 1644 835 quo-'

238 861 317 898 que
353 848 471 887 rebus
506 862 530 887 a
568 847 744 888 Caecina
775 855 815 887 et
848 847 1085 898 primoribus
1118 846 1287 899 partium
1320 846 1399 887 iam
1429 846 1634 888 Vitellium

236 912 539 966 aspernantibus
572 911 744 951 ambitus
777 912 952 951 abnuere
985 911 1255 964 perseveravit.
1314 919 1487 962 sanctus,
1517 911 1636 952 intur-

179 994 218 1017 10
238 976 367 1024 bidus,
399 976 544 1016 nullius
574 975 768 1028 repentini
799 976 972 1025 honoris,
1003 978 1107 1016 adeo
1135 990 1218 1016 non
1249 975 1491 1029 principatus
1518 978 1637 1029 adpe-

238 1049 337 1088 tens,
358 1054 498 1092 parum
516 1043 703 1092 effugerat
723 1054 774 1080 ne
794 1041 943 1092 dignus
957 1042 1190 1082 crederetur.

160 1117 218 1156 40
401 1105 548 1146 Fabius
579 1105 735 1145 interim
761 1107 910 1146 Valens
944 1108 1071 1146 multo
1103 1120 1150 1146 ac
1181 1105 1291 1146 molli
1323 1084 1635 1146 concubinarum

238 1173 543 1223 spadonumque
569 1170 727 1222 agmine
757 1170 914 1221 segnius
942 1184 1062 1222 quam
1085 1172 1137 1211 ad
1162 1172 1309 1211 bellum
1329 1170 1530 1220 incedens,
1551 1184 1637 1223 pro·

238 1237 363 1277 ditam
395 1250 420 1276 a
448 1235 602 1276 Lucilio
632 1238 756 1275 Basso
786 1237 1061 1275 Ravennatem
1092 1237 1258 1275 classem
1286 1235 1511 1287 pernicibus
1539 1249 1638 1275 nun·

238 1301 301 1341 tiis
329 1300 493 1353 accepit.
551 1308 591 1340 et
619 1300 653 1340 si
680 1306 867 1351 coeptum
893 1300 966 1340 iter
991 1307 1250 1352 properasset,
1273 1307 1479 1340 nutantem
1503 1299 1638 1341 Caeci-

201 1384 218 1416 5
238 1380 331 1405 nam
362 1365 588 1418 praevenire
620 1373 688 1405 aut
715 1372 808 1405 ante
835 1364 1048 1405 discrimen
1079 1378 1235 1417 pugnae
1267 1364 1433 1416 adsequi
1461 1364 1636 1416 legiones

238 1430 455 1483 potuisset3
497 1444 571 1469 nec
603 1432 767 1470 deerant
799 1429 867 1481 qui
900 1437 1108 1469 monerent
1141 1437 1185 1469 ut
1217 1443 1309 1469 cum
1340 1428 1540 1469 fidissimis
1568 1441 1638 1480 per

238 1497 416 1536 occultos
437 1494 611 1534 tramites
630 1495 749 1534 vitata
777 1497 970 1534 Ravenna
998 1493 1214 1533 Hostiliam
1239 1494 1529 1535 Cremonamve
1555 1505 1638 1544 per-

237 1567 355 1611 geret.
431 1559 516 1598 aliis
554 1560 736 1610 placebat
772 1558 909 1598 accitis
947 1573 995 1598 ex
1032 1560 1130 1599 urbe
1167 1558 1370 1610 praetoriis
1407 1557 1638 1598 cohortibus

238 1624 368 1664 valida
405 1637 526 1663 manu
571 1637 844 1675 perrumpere:
894 1625 978 1675 ipse
1024 1623 1154 1663 inutili
1198 1623 1451 1663 cunctatione
1493 1620 1638 1673 agendi

180 1703 219 1726 io
239 1696 418 1740 tempora
449 1690 713 1728 consultando
744 1688 991 1740 consumpsit
1005 1703 1016 1738 3
1058 1702 1151 1728 mox
1184 1695 1397 1739 utrumque
1426 1686 1637 1730 consilium

239 1760 480 1804 aspernatus,
503 1753 613 1803 quod
647 1752 747 1792 inter
779 1752 966 1804 ancipitia
995 1752 1249 1792 deterrimum
1277 1759 1348 1800 est,
1378 1753 1476 1793 dum
1505 1750 1637 1791 media

241 1817 426 1869 sequitur,
449 1830 522 1857 nec
541 1830 660 1856 ausus
681 1825 740 1857 est
759 1817 851 1857 satis
871 1831 946 1857 nec
965 1817 1147 1868 providit.

177 1896 223 1934 41
405 1882 540 1921 Missis
567 1884 619 1922 ad
648 1882 853 1922 Vitellium
878 1881 1014 1921 litteris
1040 1881 1227 1921 auxilium
1254 1882 1436 1932 postulat.
1494 1891 1638 1920 venere

241 1955 319 1987 tres
347 1948 530 1987 cohortes
559 1960 650 1986 cum
678 1949 740 1985 ala
769 1946 1008 1996 Britannica,
1034 1959 1165 1997 neque
1192 1947 1245 1985 ad
1276 1946 1494 1985 fallendum
1521 1952 1638 1996 aptus

239 2025 427 2051 numerus
447 2025 577 2062 neque
595 2012 648 2051 ad
674 2012 972 2062 penetrandum.
1031 2011 1102 2051 sed
1121 2012 1269 2050 Valens
1293 2020 1345 2049 ne
1364 2010 1406 2049 in
1424 2016 1536 2049 tanto
1555 2008 1639 2060 qui-

239 2077 333 2116 dem
371 2075 599 2116 discrimine
641 2075 803 2115 infamia
839 2076 974 2123 caruit,
1009 2086 1091 2126 quo
1128 2074 1259 2115 minus
1297 2088 1433 2126 rapere
1468 2073 1637 2113 inlicitas

242 2185 284 2216 25
307 2176 490 2215 imperaret
507 2174 556 2212 Μ,
575 2184 654 2206 corr.
674 2174 729 2205 Ml
843 2176 885 2206 26
908 2174 982 2214 quit
998 2175 1041 2206 M

282 2225 343 2259 39.
371 2229 391 2258 3
415 2217 559 2249 crassari
576 2217 618 2248 M
685 2217 824 2249 notabili
841 2218 1016 2249 Faernus:
1046 2217 1150 2249 nobili
1167 2217 1210 2249 M
1294 2227 1360 2258 4g
1337 2217 1460 2257 gaudio
1478 2215 1634 2248 Blaesum

242 2263 312 2293 sine
325 2261 525 2293 distincttone
544 2259 725 2301 Valmaggi
790 2261 826 2292 L.
839 2260 967 2292 Vitellii
985 2261 1095 2293 Ratter
1178 2269 1197 2299 7
1221 2259 1391 2300 elegantia
1406 2259 1447 2290 M
1455 2258 1469 2280 ¹
1472 2259 1638 2299 ‚sortasse

243 2309 319 2337 recte
406 2304 484 2335 fidei
502 2303 702 2345 obstinatio]
719 2304 755 2334 in
773 2314 926 2344 margine
942 2305 986 2343 al]
1005 2305 1092 2336 fides
1107 2304 1275 2336 obstinata
1290 2304 1362 2343 M
1339 2303 1350 2322 ¹
1376 2302 1448 2336 vide
1461 2301 1636 2335 Andresen

242 2348 354 2381 studta
369 2347 475 2379 cn'ttca
490 2348 528 2379 ii.
544 2357 585 2378 22
673 2346 751 2387 suit]
769 2347 875 2378 obfuit
894 2346 1035 2389 Madvig

286 2399 349 2433 40.
376 2401 393 2431 7
418 2391 522 2423 vitata
538 2391 702 2423 Ravenna
717 2390 785 2423 secl.
803 2390 983 2432 Valmaggi
