<?xml version="1.0" encoding="UTF-8"?>
<!DOCTYPE html PUBLIC "-//W3C//DTD XHTML 1.0 Transitional//EN"
    "http://www.w3.org/TR/xhtml1/DTD/xhtml1-transitional.dtd">
<html xmlns="http://www.w3.org/1999/xhtml" xml:lang="en" lang="en">
 <head>
  <title>
</title>
<meta http-equiv="Content-Type" content="text/html;charset=utf-8" />
  <meta name='ocr-system' content='tesseract 3.04.00' />
  <meta name='ocr-capabilities' content='ocr_page ocr_carea ocr_par ocr_line ocrx_word'/>
</head>
<body>
  <div class='ocr_page' id='page_1' title='image "./historiarumlibri00taciuoft_0117.png"; bbox 0 0 1748 2826; ppageno 0'>
   <div class='ocr_carea' id='block_1_1' title="bbox 500 132 1613 180">
    <p class='ocr_par' dir='ltr' id='par_1_1' title="bbox 500 132 1613 180">
     <span class='ocr_line' id='line_1_1' title="bbox 500 132 1613 180; baseline 0.002 -8"><span class='ocrx_word' id='word_1_1' title='bbox 500 132 906 172; x_wconf 92' lang='lat' dir='ltr'>HISTORIARVM</span> <span class='ocrx_word' id='word_1_2' title='bbox 937 134 1111 173; x_wconf 92' lang='lat' dir='ltr'><strong>LIBER</strong></span> <span class='ocrx_word' id='word_1_3' title='bbox 1142 134 1185 172; x_wconf 93' lang='lat' dir='ltr'>II</span> <span class='ocrx_word' id='word_1_4' title='bbox 1312 170 1317 180; x_wconf 37' lang='lat' dir='ltr'><em>s</em></span> <span class='ocrx_word' id='word_1_5' title='bbox 1502 135 1546 174; x_wconf 96' lang='lat' dir='ltr'>II</span> <span class='ocrx_word' id='word_1_6' title='bbox 1568 134 1613 174; x_wconf 90' lang='lat'>81</span> 
     </span>
    </p>
   </div>
   <div class='ocr_carea' id='block_1_2' title="bbox 134 242 1624 2143">
    <p class='ocr_par' dir='ltr' id='par_1_2' title="bbox 136 242 1615 1285">
     <span class='ocr_line' id='line_1_2' title="bbox 302 242 1615 294; baseline -0.001 -9"><span class='ocrx_word' id='word_1_7' title='bbox 302 246 412 285; x_wconf 88' lang='lat' dir='ltr'><strong>Ante</strong></span> <span class='ocrx_word' id='word_1_8' title='bbox 449 243 539 284; x_wconf 88' lang='lat' dir='ltr'>idus</span> <span class='ocrx_word' id='word_1_9' title='bbox 574 243 696 283; x_wconf 89' lang='lat' dir='ltr'>Iulias</span> <span class='ocrx_word' id='word_1_10' title='bbox 736 242 847 294; x_wconf 89' lang='lat' dir='ltr'>Syria</span> <span class='ocrx_word' id='word_1_11' title='bbox 880 243 1011 283; x_wconf 90' lang='lat' dir='ltr'>omnis</span> <span class='ocrx_word' id='word_1_12' title='bbox 1046 243 1087 283; x_wconf 90' lang='lat' dir='ltr'>in</span> <span class='ocrx_word' id='word_1_13' title='bbox 1121 245 1266 285; x_wconf 89' lang='lat' dir='ltr'>eodem</span> <span class='ocrx_word' id='word_1_14' title='bbox 1301 253 1550 286; x_wconf 89' lang='lat' dir='ltr'>sacramento</span> <span class='ocrx_word' id='word_1_15' title='bbox 1570 245 1615 284; x_wconf 88' lang='lat'>81</span> 
     </span>
     <span class='ocr_line' id='line_1_3' title="bbox 142 309 1550 362; baseline 0.001 -12"><span class='ocrx_word' id='word_1_16' title='bbox 142 309 225 350; x_wconf 83' lang='lat' dir='ltr'>fuit.</span> <span class='ocrx_word' id='word_1_17' title='bbox 283 322 486 350; x_wconf 81' lang='lat' dir='ltr'>accessere</span> <span class='ocrx_word' id='word_1_18' title='bbox 505 322 598 349; x_wconf 90' lang='lat' dir='ltr'>cum</span> <span class='ocrx_word' id='word_1_19' title='bbox 618 322 740 360; x_wconf 90' lang='lat' dir='ltr'>regno</span> <span class='ocrx_word' id='word_1_20' title='bbox 760 310 984 349; x_wconf 86' lang='lat' dir='ltr'>Sohaemus</span> <span class='ocrx_word' id='word_1_21' title='bbox 1005 310 1114 350; x_wconf 88' lang='lat' dir='ltr'>haud</span> <span class='ocrx_word' id='word_1_22' title='bbox 1134 311 1369 362; x_wconf 88' lang='lat' dir='ltr'>spernendis</span> <span class='ocrx_word' id='word_1_23' title='bbox 1389 311 1550 362; x_wconf 89' lang='lat' dir='ltr'>viribus,</span> 
     </span>
     <span class='ocr_line' id='line_1_4' title="bbox 141 373 1551 428; baseline 0.001 -13"><span class='ocrx_word' id='word_1_24' title='bbox 141 373 367 416; x_wconf 81' lang='lat' dir='ltr'>Antiochus</span> <span class='ocrx_word' id='word_1_25' title='bbox 397 374 563 415; x_wconf 90' lang='lat' dir='ltr'>vetustis</span> <span class='ocrx_word' id='word_1_26' title='bbox 597 374 742 427; x_wconf 91' lang='lat' dir='ltr'>opibus</span> <span class='ocrx_word' id='word_1_27' title='bbox 775 374 915 426; x_wconf 88' lang='lat' dir='ltr'>ingens</span> <span class='ocrx_word' id='word_1_28' title='bbox 949 382 988 415; x_wconf 92' lang='lat' dir='ltr'>et</span> <span class='ocrx_word' id='word_1_29' title='bbox 1026 375 1283 416; x_wconf 90' lang='lat' dir='ltr'>servientium</span> <span class='ocrx_word' id='word_1_30' title='bbox 1322 390 1459 428; x_wconf 90' lang='lat' dir='ltr'>regum</span> <span class='ocrx_word' id='word_1_31' title='bbox 1494 377 1551 417; x_wconf 90' lang='lat' dir='ltr'>di-</span> 
     </span>
     <span class='ocr_line' id='line_1_5' title="bbox 140 439 1552 494; baseline 0.001 -14"><span class='ocrx_word' id='word_1_32' title='bbox 140 439 325 482; x_wconf 88' lang='lat' dir='ltr'>tissimus.</span> <span class='ocrx_word' id='word_1_33' title='bbox 384 454 479 481; x_wconf 89' lang='lat' dir='ltr'>mox</span> <span class='ocrx_word' id='word_1_34' title='bbox 506 455 577 494; x_wconf 93' lang='lat' dir='ltr'>per</span> <span class='ocrx_word' id='word_1_35' title='bbox 605 441 785 481; x_wconf 92' lang='lat' dir='ltr'>occultos</span> <span class='ocrx_word' id='word_1_36' title='bbox 814 454 978 481; x_wconf 86' lang='lat' dir='ltr'>suorum</span> <span class='ocrx_word' id='word_1_37' title='bbox 1007 441 1170 482; x_wconf 90' lang='lat' dir='ltr'>nuntios</span> <span class='ocrx_word' id='word_1_38' title='bbox 1197 442 1347 482; x_wconf 88' lang='lat' dir='ltr'>excitus</span> <span class='ocrx_word' id='word_1_39' title='bbox 1373 443 1425 483; x_wconf 93' lang='lat' dir='ltr'>ab</span> <span class='ocrx_word' id='word_1_40' title='bbox 1453 443 1552 483; x_wconf 90' lang='lat' dir='ltr'>urbe</span> 
     </span>
     <span class='ocr_line' id='line_1_6' title="bbox 137 505 1590 562; baseline 0.002 -15"><span class='ocrx_word' id='word_1_41' title='bbox 137 505 326 560; x_wconf 82' lang='lat' dir='ltr'>Agrippa,</span> <span class='ocrx_word' id='word_1_42' title='bbox 366 506 504 559; x_wconf 88' lang='lat' dir='ltr'>ignaro</span> <span class='ocrx_word' id='word_1_43' title='bbox 541 507 676 547; x_wconf 92' lang='lat' dir='ltr'>adhuc</span> <span class='ocrx_word' id='word_1_44' title='bbox 706 506 881 555; x_wconf 90' lang='lat' dir='ltr'>Vitellio,</span> <span class='ocrx_word' id='word_1_45' title='bbox 922 508 1042 548; x_wconf 88' lang='lat' dir='ltr'>celeri</span> <span class='ocrx_word' id='word_1_46' title='bbox 1079 507 1331 560; x_wconf 90' lang='lat' dir='ltr'>navigatione</span> <span class='ocrx_word' id='word_1_47' title='bbox 1369 522 1552 562; x_wconf 88' lang='lat' dir='ltr'>propera·</span> <span class='ocrx_word' id='word_1_48' title='bbox 1571 526 1590 560; x_wconf 87' lang='lat'><strong>5</strong></span> 
     </span>
     <span class='ocr_line' id='line_1_7' title="bbox 137 571 1548 626; baseline 0.002 -14"><span class='ocrx_word' id='word_1_49' title='bbox 137 580 256 613; x_wconf 84' lang='lat' dir='ltr'>verat.</span> <span class='ocrx_word' id='word_1_50' title='bbox 325 586 402 613; x_wconf 92' lang='lat' dir='ltr'>nec</span> <span class='ocrx_word' id='word_1_51' title='bbox 440 572 596 613; x_wconf 90' lang='lat' dir='ltr'>minore</span> <span class='ocrx_word' id='word_1_52' title='bbox 637 571 775 613; x_wconf 90' lang='lat' dir='ltr'>animo</span> <span class='ocrx_word' id='word_1_53' title='bbox 813 572 948 624; x_wconf 88' lang='lat' dir='ltr'>regina</span> <span class='ocrx_word' id='word_1_54' title='bbox 987 573 1181 614; x_wconf 86' lang='lat' dir='ltr'>Berenice</span> <span class='ocrx_word' id='word_1_55' title='bbox 1215 575 1335 626; x_wconf 87' lang='lat' dir='ltr'>partis</span> <span class='ocrx_word' id='word_1_56' title='bbox 1374 574 1548 624; x_wconf 89' lang='lat' dir='ltr'>iuvabat,</span> 
     </span>
     <span class='ocr_line' id='line_1_8' title="bbox 137 638 1551 693; baseline 0.001 -13"><span class='ocrx_word' id='word_1_57' title='bbox 137 638 282 680; x_wconf 85' lang='lat' dir='ltr'>florens</span> <span class='ocrx_word' id='word_1_58' title='bbox 314 645 445 681; x_wconf 88' lang='lat' dir='ltr'>aetate</span> <span class='ocrx_word' id='word_1_59' title='bbox 475 639 684 690; x_wconf 89' lang='lat' dir='ltr'>formaque</span> <span class='ocrx_word' id='word_1_60' title='bbox 712 645 753 678; x_wconf 91' lang='lat' dir='ltr'>et</span> <span class='ocrx_word' id='word_1_61' title='bbox 782 638 868 679; x_wconf 90' lang='lat' dir='ltr'>seni</span> <span class='ocrx_word' id='word_1_62' title='bbox 897 652 1061 690; x_wconf 91' lang='lat' dir='ltr'>quoque</span> <span class='ocrx_word' id='word_1_63' title='bbox 1089 639 1339 691; x_wconf 87' lang='lat' dir='ltr'>Vespasiano</span> <span class='ocrx_word' id='word_1_64' title='bbox 1372 640 1551 693; x_wconf 89' lang='lat' dir='ltr'>magnifi-</span> 
     </span>
     <span class='ocr_line' id='line_1_9' title="bbox 136 702 1551 756; baseline 0.004 -13"><span class='ocrx_word' id='word_1_65' title='bbox 136 702 269 744; x_wconf 86' lang='lat' dir='ltr'>centia</span> <span class='ocrx_word' id='word_1_66' title='bbox 288 717 499 744; x_wconf 90' lang='lat' dir='ltr'>munerum</span> <span class='ocrx_word' id='word_1_67' title='bbox 525 711 646 756; x_wconf 88' lang='lat' dir='ltr'>grata.</span> <span class='ocrx_word' id='word_1_68' title='bbox 705 703 904 756; x_wconf 92' lang='lat' dir='ltr'>quidquid</span> <span class='ocrx_word' id='word_1_69' title='bbox 931 704 1224 756; x_wconf 89' lang='lat' dir='ltr'>provinciarum</span> <span class='ocrx_word' id='word_1_70' title='bbox 1250 706 1426 746; x_wconf 88' lang='lat' dir='ltr'>adluitur</span> <span class='ocrx_word' id='word_1_71' title='bbox 1450 708 1551 748; x_wconf 89' lang='lat' dir='ltr'>mari</span> 
     </span>
     <span class='ocr_line' id='line_1_10' title="bbox 136 769 1551 822; baseline 0.003 -12"><span class='ocrx_word' id='word_1_72' title='bbox 136 769 235 810; x_wconf 89' lang='lat' dir='ltr'>Asia</span> <span class='ocrx_word' id='word_1_73' title='bbox 263 777 388 822; x_wconf 90' lang='lat' dir='ltr'>atque</span> <span class='ocrx_word' id='word_1_74' title='bbox 415 771 571 811; x_wconf 88' lang='lat' dir='ltr'>Achaia</span> <span class='ocrx_word' id='word_1_75' title='bbox 603 777 731 819; x_wconf 89' lang='lat' dir='ltr'>tenus,</span> <span class='ocrx_word' id='word_1_76' title='bbox 761 778 1039 822; x_wconf 90' lang='lat' dir='ltr'>quantumque</span> <span class='ocrx_word' id='word_1_77' title='bbox 1073 771 1266 812; x_wconf 89' lang='lat' dir='ltr'>introrsus</span> <span class='ocrx_word' id='word_1_78' title='bbox 1298 772 1340 812; x_wconf 90' lang='lat' dir='ltr'>in</span> <span class='ocrx_word' id='word_1_79' title='bbox 1375 775 1551 814; x_wconf 88' lang='lat' dir='ltr'>Pontum</span> 
     </span>
     <span class='ocr_line' id='line_1_11' title="bbox 136 835 1614 890; baseline 0.002 -13"><span class='ocrx_word' id='word_1_80' title='bbox 136 842 178 878; x_wconf 88' lang='lat' dir='ltr'>et</span> <span class='ocrx_word' id='word_1_81' title='bbox 205 835 419 877; x_wconf 84' lang='lat' dir='ltr'>Armenios</span> <span class='ocrx_word' id='word_1_82' title='bbox 449 835 628 888; x_wconf 89' lang='lat' dir='ltr'>patescit,</span> <span class='ocrx_word' id='word_1_83' title='bbox 660 835 837 876; x_wconf 88' lang='lat' dir='ltr'>iuravere</span> <span class='ocrx_word' id='word_1_84' title='bbox 851 851 862 885; x_wconf 79' lang='lat'>3</span> <span class='ocrx_word' id='word_1_85' title='bbox 900 837 972 876; x_wconf 90' lang='lat' dir='ltr'>sed</span> <span class='ocrx_word' id='word_1_86' title='bbox 1002 836 1174 877; x_wconf 88' lang='lat' dir='ltr'>inermes</span> <span class='ocrx_word' id='word_1_87' title='bbox 1203 839 1320 889; x_wconf 87' lang='lat' dir='ltr'>legati</span> <span class='ocrx_word' id='word_1_88' title='bbox 1348 839 1550 890; x_wconf 87' lang='lat' dir='ltr'>regebant,</span> <span class='ocrx_word' id='word_1_89' title='bbox 1574 855 1614 879; x_wconf 88' lang='lat'>10</span> 
     </span>
     <span class='ocr_line' id='line_1_12' title="bbox 136 901 1551 955; baseline 0.001 -13"><span class='ocrx_word' id='word_1_90' title='bbox 136 903 319 944; x_wconf 89' lang='lat' dir='ltr'>nondum</span> <span class='ocrx_word' id='word_1_91' title='bbox 339 901 486 943; x_wconf 89' lang='lat' dir='ltr'>additis</span> <span class='ocrx_word' id='word_1_92' title='bbox 507 901 791 955; x_wconf 84' lang='lat' dir='ltr'>Cappadociae</span> <span class='ocrx_word' id='word_1_93' title='bbox 810 902 1046 954; x_wconf 87' lang='lat' dir='ltr'>legionibus.</span> <span class='ocrx_word' id='word_1_94' title='bbox 1088 902 1301 943; x_wconf 87' lang='lat' dir='ltr'>consilium</span> <span class='ocrx_word' id='word_1_95' title='bbox 1321 905 1373 944; x_wconf 89' lang='lat' dir='ltr'>de</span> <span class='ocrx_word' id='word_1_96' title='bbox 1391 917 1551 945; x_wconf 90' lang='lat' dir='ltr'>summa</span> 
     </span>
     <span class='ocr_line' id='line_1_13' title="bbox 136 967 1552 1022; baseline 0.001 -13"><span class='ocrx_word' id='word_1_97' title='bbox 136 981 267 1009; x_wconf 88' lang='lat' dir='ltr'>rerum</span> <span class='ocrx_word' id='word_1_98' title='bbox 288 967 422 1020; x_wconf 89' lang='lat' dir='ltr'>Beryti</span> <span class='ocrx_word' id='word_1_99' title='bbox 441 967 638 1008; x_wconf 90' lang='lat' dir='ltr'>habitum.</span> <span class='ocrx_word' id='word_1_100' title='bbox 677 967 771 1008; x_wconf 89' lang='lat' dir='ltr'>illuc</span> <span class='ocrx_word' id='word_1_101' title='bbox 792 967 1009 1008; x_wconf 91' lang='lat' dir='ltr'>Mucianus</span> <span class='ocrx_word' id='word_1_102' title='bbox 1030 981 1122 1008; x_wconf 92' lang='lat' dir='ltr'>cum</span> <span class='ocrx_word' id='word_1_103' title='bbox 1143 968 1281 1021; x_wconf 90' lang='lat' dir='ltr'>legatis</span> <span class='ocrx_word' id='word_1_104' title='bbox 1301 969 1552 1022; x_wconf 86' lang='lat' dir='ltr'>tribunisque</span> 
     </span>
     <span class='ocr_line' id='line_1_14' title="bbox 137 1032 1552 1086; baseline 0.001 -11"><span class='ocrx_word' id='word_1_105' title='bbox 137 1041 178 1075; x_wconf 90' lang='lat' dir='ltr'>et</span> <span class='ocrx_word' id='word_1_106' title='bbox 202 1032 528 1086; x_wconf 90' lang='lat' dir='ltr'>splendidissimo</span> <span class='ocrx_word' id='word_1_107' title='bbox 548 1046 712 1086; x_wconf 92' lang='lat' dir='ltr'>quoque</span> <span class='ocrx_word' id='word_1_108' title='bbox 742 1033 1020 1074; x_wconf 89' lang='lat' dir='ltr'>centurionum</span> <span class='ocrx_word' id='word_1_109' title='bbox 1047 1047 1095 1074; x_wconf 92' lang='lat' dir='ltr'>ac</span> <span class='ocrx_word' id='word_1_110' title='bbox 1119 1033 1294 1075; x_wconf 89' lang='lat' dir='ltr'>militum</span> <span class='ocrx_word' id='word_1_111' title='bbox 1314 1034 1434 1084; x_wconf 91' lang='lat' dir='ltr'>venit,</span> <span class='ocrx_word' id='word_1_112' title='bbox 1463 1043 1504 1076; x_wconf 90' lang='lat' dir='ltr'>et</span> <span class='ocrx_word' id='word_1_113' title='bbox 1529 1049 1552 1076; x_wconf 90' lang='lat' dir='ltr'>e</span> 
     </span>
     <span class='ocr_line' id='line_1_15' title="bbox 139 1099 1553 1153; baseline 0.001 -12"><span class='ocrx_word' id='word_1_114' title='bbox 139 1099 308 1141; x_wconf 88' lang='lat' dir='ltr'>Iudaico</span> <span class='ocrx_word' id='word_1_115' title='bbox 339 1099 514 1141; x_wconf 81' lang='lat' dir='ltr'>exercitu</span> <span class='ocrx_word' id='word_1_116' title='bbox 544 1101 661 1140; x_wconf 86' lang='lat' dir='ltr'>lecta·</span> <span class='ocrx_word' id='word_1_117' title='bbox 678 1101 849 1141; x_wconf 89' lang='lat' dir='ltr'>decora:</span> <span class='ocrx_word' id='word_1_118' title='bbox 891 1107 1047 1140; x_wconf 90' lang='lat' dir='ltr'>tantum</span> <span class='ocrx_word' id='word_1_119' title='bbox 1079 1099 1198 1140; x_wconf 91' lang='lat' dir='ltr'>simul</span> <span class='ocrx_word' id='word_1_120' title='bbox 1231 1100 1415 1153; x_wconf 92' lang='lat' dir='ltr'>peditum</span> <span class='ocrx_word' id='word_1_121' title='bbox 1444 1101 1553 1153; x_wconf 91' lang='lat' dir='ltr'>equi-</span> 
     </span>
     <span class='ocr_line' id='line_1_16' title="bbox 137 1165 1613 1219; baseline 0 -13"><span class='ocrx_word' id='word_1_122' title='bbox 137 1173 305 1218; x_wconf 89' lang='lat' dir='ltr'>tumque</span> <span class='ocrx_word' id='word_1_123' title='bbox 332 1172 374 1206; x_wconf 91' lang='lat' dir='ltr'>et</span> <span class='ocrx_word' id='word_1_124' title='bbox 400 1165 688 1207; x_wconf 88' lang='lat' dir='ltr'>aemulantium</span> <span class='ocrx_word' id='word_1_125' title='bbox 719 1165 822 1206; x_wconf 89' lang='lat' dir='ltr'>in&#39;ter</span> <span class='ocrx_word' id='word_1_126' title='bbox 850 1179 894 1206; x_wconf 91' lang='lat' dir='ltr'>se</span> <span class='ocrx_word' id='word_1_127' title='bbox 918 1179 1055 1218; x_wconf 87' lang='lat' dir='ltr'>regum</span> <span class='ocrx_word' id='word_1_128' title='bbox 1082 1173 1242 1219; x_wconf 90' lang='lat' dir='ltr'>paratus</span> <span class='ocrx_word' id='word_1_129' title='bbox 1271 1168 1449 1219; x_wconf 87' lang='lat' dir='ltr'>speciem</span> <span class='ocrx_word' id='word_1_130' title='bbox 1477 1168 1553 1208; x_wconf 90' lang='lat' dir='ltr'>for·</span> <span class='ocrx_word' id='word_1_131' title='bbox 1574 1181 1613 1215; x_wconf 85' lang='lat'>15</span> 
     </span>
     <span class='ocr_line' id='line_1_17' title="bbox 137 1230 772 1285; baseline -0.002 -13"><span class='ocrx_word' id='word_1_132' title='bbox 137 1237 259 1274; x_wconf 85' lang='lat' dir='ltr'>tunae</span> <span class='ocrx_word' id='word_1_133' title='bbox 286 1230 516 1285; x_wconf 89' lang='lat' dir='ltr'>principalis</span> <span class='ocrx_word' id='word_1_134' title='bbox 546 1233 772 1272; x_wconf 83' lang='lat' dir='ltr'>effecerant.</span> 
     </span>
    </p>

    <p class='ocr_par' dir='ltr' id='par_1_3' title="bbox 134 1296 1624 2143">
     <span class='ocr_line' id='line_1_18' title="bbox 300 1296 1624 1349; baseline 0.002 -12"><span class='ocrx_word' id='word_1_135' title='bbox 300 1296 434 1337; x_wconf 89' lang='lat' dir='ltr'>Prima</span> <span class='ocrx_word' id='word_1_136' title='bbox 472 1297 568 1338; x_wconf 93' lang='lat' dir='ltr'>belli</span> <span class='ocrx_word' id='word_1_137' title='bbox 605 1311 700 1338; x_wconf 87' lang='lat' dir='ltr'>cura</span> <span class='ocrx_word' id='word_1_138' title='bbox 732 1310 849 1349; x_wconf 90' lang='lat' dir='ltr'>agere</span> <span class='ocrx_word' id='word_1_139' title='bbox 882 1298 1065 1345; x_wconf 89' lang='lat' dir='ltr'>dilectus,</span> <span class='ocrx_word' id='word_1_140' title='bbox 1096 1310 1284 1338; x_wconf 88' lang='lat' dir='ltr'>revocare</span> <span class='ocrx_word' id='word_1_141' title='bbox 1314 1305 1523 1339; x_wconf 91' lang='lat' dir='ltr'>veteranos</span> <span class='ocrx_word' id='word_1_142' title='bbox 1540 1313 1552 1349; x_wconf 81' lang='lat'>3</span> <span class='ocrx_word' id='word_1_143' title='bbox 1571 1301 1624 1340; x_wconf 84' lang='lat'>82</span> 
     </span>
     <span class='ocr_line' id='line_1_19' title="bbox 136 1361 1554 1414; baseline 0.001 -10"><span class='ocrx_word' id='word_1_144' title='bbox 136 1361 387 1404; x_wconf 87' lang='lat' dir='ltr'>destinantur</span> <span class='ocrx_word' id='word_1_145' title='bbox 424 1362 579 1404; x_wconf 89' lang='lat' dir='ltr'>validae</span> <span class='ocrx_word' id='word_1_146' title='bbox 618 1362 797 1404; x_wconf 87' lang='lat' dir='ltr'>civitates</span> <span class='ocrx_word' id='word_1_147' title='bbox 844 1362 1076 1404; x_wconf 86' lang='lat' dir='ltr'>exercendis</span> <span class='ocrx_word' id='word_1_148' title='bbox 1116 1377 1319 1404; x_wconf 88' lang='lat' dir='ltr'>armorum</span> <span class='ocrx_word' id='word_1_149' title='bbox 1359 1363 1554 1414; x_wconf 85' lang='lat' dir='ltr'>officinis;</span> 
     </span>
     <span class='ocr_line' id='line_1_20' title="bbox 135 1428 1553 1482; baseline 0.001 -12"><span class='ocrx_word' id='word_1_150' title='bbox 135 1428 245 1481; x_wconf 87' lang='lat' dir='ltr'>apud</span> <span class='ocrx_word' id='word_1_151' title='bbox 275 1428 560 1470; x_wconf 90' lang='lat' dir='ltr'>Antiochensis</span> <span class='ocrx_word' id='word_1_152' title='bbox 590 1442 731 1469; x_wconf 90' lang='lat' dir='ltr'>aurum</span> <span class='ocrx_word' id='word_1_153' title='bbox 762 1436 1054 1481; x_wconf 87' lang='lat' dir='ltr'>argentumque</span> <span class='ocrx_word' id='word_1_154' title='bbox 1084 1428 1272 1481; x_wconf 90' lang='lat' dir='ltr'>signatur,</span> <span class='ocrx_word' id='word_1_155' title='bbox 1300 1443 1428 1482; x_wconf 88' lang='lat' dir='ltr'>eaque</span> <span class='ocrx_word' id='word_1_156' title='bbox 1459 1444 1553 1471; x_wconf 91' lang='lat' dir='ltr'>cun-</span> 
     </span>
     <span class='ocr_line' id='line_1_21' title="bbox 134 1494 1550 1548; baseline 0.001 -13"><span class='ocrx_word' id='word_1_157' title='bbox 134 1501 202 1535; x_wconf 88' lang='lat' dir='ltr'>cta</span> <span class='ocrx_word' id='word_1_158' title='bbox 230 1508 303 1548; x_wconf 86' lang='lat' dir='ltr'>per</span> <span class='ocrx_word' id='word_1_159' title='bbox 332 1494 503 1537; x_wconf 86' lang='lat' dir='ltr'>idoneos</span> <span class='ocrx_word' id='word_1_160' title='bbox 543 1495 744 1536; x_wconf 93' lang='lat' dir='ltr'>ministros</span> <span class='ocrx_word' id='word_1_161' title='bbox 778 1495 860 1535; x_wconf 91' lang='lat' dir='ltr'>suis</span> <span class='ocrx_word' id='word_1_162' title='bbox 893 1508 1079 1548; x_wconf 89' lang='lat' dir='ltr'>quaeque</span> <span class='ocrx_word' id='word_1_163' title='bbox 1115 1495 1214 1535; x_wconf 90' lang='lat' dir='ltr'>locis</span> <span class='ocrx_word' id='word_1_164' title='bbox 1250 1495 1550 1537; x_wconf 85' lang='lat' dir='ltr'>festinabantur.</span> 
     </span>
     <span class='ocr_line' id='line_1_22' title="bbox 135 1559 1591 1613; baseline 0.001 -13"><span class='ocrx_word' id='word_1_165' title='bbox 135 1559 223 1612; x_wconf 90' lang='lat' dir='ltr'>ipse</span> <span class='ocrx_word' id='word_1_166' title='bbox 252 1560 523 1613; x_wconf 88' lang='lat' dir='ltr'>Vespasianus</span> <span class='ocrx_word' id='word_1_167' title='bbox 562 1560 687 1611; x_wconf 82' lang='lat' dir='ltr'>adire,</span> <span class='ocrx_word' id='word_1_168' title='bbox 721 1560 880 1610; x_wconf 89' lang='lat' dir='ltr'>hortari,</span> <span class='ocrx_word' id='word_1_169' title='bbox 917 1561 1047 1602; x_wconf 91' lang='lat' dir='ltr'>bonos</span> <span class='ocrx_word' id='word_1_170' title='bbox 1086 1561 1216 1610; x_wconf 86' lang='lat' dir='ltr'>laude,</span> <span class='ocrx_word' id='word_1_171' title='bbox 1253 1561 1384 1613; x_wconf 90' lang='lat' dir='ltr'>segnis</span> <span class='ocrx_word' id='word_1_172' title='bbox 1423 1575 1552 1603; x_wconf 87' lang='lat' dir='ltr'>exem·</span> <span class='ocrx_word' id='word_1_173' title='bbox 1572 1577 1591 1609; x_wconf 86' lang='lat'>5</span> 
     </span>
     <span class='ocr_line' id='line_1_23' title="bbox 136 1624 1550 1680; baseline 0.002 -15"><span class='ocrx_word' id='word_1_174' title='bbox 136 1626 206 1678; x_wconf 92' lang='lat' dir='ltr'>plo</span> <span class='ocrx_word' id='word_1_175' title='bbox 241 1624 408 1667; x_wconf 90' lang='lat' dir='ltr'>incitare</span> <span class='ocrx_word' id='word_1_176' title='bbox 445 1627 604 1680; x_wconf 88' lang='lat' dir='ltr'>saepius</span> <span class='ocrx_word' id='word_1_177' title='bbox 643 1641 764 1680; x_wconf 89' lang='lat' dir='ltr'>quam</span> <span class='ocrx_word' id='word_1_178' title='bbox 803 1640 998 1676; x_wconf 91' lang='lat' dir='ltr'>coercere,</span> <span class='ocrx_word' id='word_1_179' title='bbox 1034 1626 1129 1667; x_wconf 90' lang='lat' dir='ltr'>vitia</span> <span class='ocrx_word' id='word_1_180' title='bbox 1166 1626 1292 1679; x_wconf 85' lang='lat' dir='ltr'>magis</span> <span class='ocrx_word' id='word_1_181' title='bbox 1328 1627 1550 1668; x_wconf 89' lang='lat' dir='ltr'>amicorum</span> 
     </span>
     <span class='ocr_line' id='line_1_24' title="bbox 136 1692 1552 1745; baseline 0.001 -13"><span class='ocrx_word' id='word_1_182' title='bbox 136 1705 258 1743; x_wconf 88' lang='lat' dir='ltr'>quam</span> <span class='ocrx_word' id='word_1_183' title='bbox 291 1692 454 1734; x_wconf 90' lang='lat' dir='ltr'>virtutes</span> <span class='ocrx_word' id='word_1_184' title='bbox 488 1693 756 1734; x_wconf 86' lang='lat' dir='ltr'>dissimulans.</span> <span class='ocrx_word' id='word_1_185' title='bbox 816 1693 964 1733; x_wconf 89' lang='lat' dir='ltr'>multos</span> <span class='ocrx_word' id='word_1_186' title='bbox 998 1692 1253 1745; x_wconf 87' lang='lat' dir='ltr'>praefecturis</span> <span class='ocrx_word' id='word_1_187' title='bbox 1291 1699 1332 1733; x_wconf 91' lang='lat' dir='ltr'>et</span> <span class='ocrx_word' id='word_1_188' title='bbox 1369 1707 1552 1745; x_wconf 88' lang='lat' dir='ltr'>procura·</span> 
     </span>
     <span class='ocr_line' id='line_1_25' title="bbox 137 1756 1551 1813; baseline 0.001 -15"><span class='ocrx_word' id='word_1_189' title='bbox 137 1756 324 1808; x_wconf 89' lang='lat' dir='ltr'>tionibus,</span> <span class='ocrx_word' id='word_1_190' title='bbox 357 1761 570 1813; x_wconf 88' lang='lat' dir='ltr'>plerosque</span> <span class='ocrx_word' id='word_1_191' title='bbox 602 1760 790 1801; x_wconf 89' lang='lat' dir='ltr'>senatorii</span> <span class='ocrx_word' id='word_1_192' title='bbox 829 1759 980 1800; x_wconf 92' lang='lat' dir='ltr'>ordinis</span> <span class='ocrx_word' id='word_1_193' title='bbox 1019 1759 1172 1799; x_wconf 92' lang='lat' dir='ltr'>honore</span> <span class='ocrx_word' id='word_1_194' title='bbox 1206 1758 1413 1811; x_wconf 88' lang='lat' dir='ltr'>percoluit,</span> <span class='ocrx_word' id='word_1_195' title='bbox 1447 1773 1551 1812; x_wconf 89' lang='lat' dir='ltr'>egre-</span> 
     </span>
     <span class='ocr_line' id='line_1_26' title="bbox 134 1822 1550 1878; baseline 0.002 -14"><span class='ocrx_word' id='word_1_196' title='bbox 134 1822 222 1876; x_wconf 90' lang='lat' dir='ltr'>gios</span> <span class='ocrx_word' id='word_1_197' title='bbox 252 1823 356 1866; x_wconf 88' lang='lat' dir='ltr'>viros</span> <span class='ocrx_word' id='word_1_198' title='bbox 387 1833 427 1866; x_wconf 91' lang='lat' dir='ltr'>et</span> <span class='ocrx_word' id='word_1_199' title='bbox 460 1840 554 1868; x_wconf 91' lang='lat' dir='ltr'>mox</span> <span class='ocrx_word' id='word_1_200' title='bbox 587 1841 745 1868; x_wconf 88' lang='lat' dir='ltr'>summa</span> <span class='ocrx_word' id='word_1_201' title='bbox 777 1828 946 1878; x_wconf 86' lang='lat' dir='ltr'>adeptos</span> <span class='ocrx_word' id='word_1_202' title='bbox 960 1841 971 1876; x_wconf 87' lang='lat'>;</span> <span class='ocrx_word' id='word_1_203' title='bbox 1012 1825 1254 1877; x_wconf 90' lang='lat' dir='ltr'>quibusdam</span> <span class='ocrx_word' id='word_1_204' title='bbox 1286 1827 1445 1867; x_wconf 86' lang='lat' dir='ltr'>fortuna</span> <span class='ocrx_word' id='word_1_205' title='bbox 1478 1840 1550 1878; x_wconf 92' lang='lat' dir='ltr'>pro</span> 
     </span>
     <span class='ocr_line' id='line_1_27' title="bbox 135 1888 1612 1943; baseline 0.001 -14"><span class='ocrx_word' id='word_1_206' title='bbox 135 1888 346 1931; x_wconf 89' lang='lat' dir='ltr'>virtutibus</span> <span class='ocrx_word' id='word_1_207' title='bbox 366 1891 451 1932; x_wconf 88' lang='lat' dir='ltr'>fuit.</span> <span class='ocrx_word' id='word_1_208' title='bbox 510 1893 746 1934; x_wconf 89' lang='lat' dir='ltr'>donativum</span> <span class='ocrx_word' id='word_1_209' title='bbox 773 1892 887 1932; x_wconf 89' lang='lat' dir='ltr'>militi</span> <span class='ocrx_word' id='word_1_210' title='bbox 912 1905 1044 1943; x_wconf 89' lang='lat' dir='ltr'>neque</span> <span class='ocrx_word' id='word_1_211' title='bbox 1067 1891 1280 1931; x_wconf 89' lang='lat' dir='ltr'>Mucianus</span> <span class='ocrx_word' id='word_1_212' title='bbox 1307 1891 1436 1943; x_wconf 89' lang='lat' dir='ltr'>prima</span> <span class='ocrx_word' id='word_1_213' title='bbox 1457 1906 1550 1933; x_wconf 92' lang='lat' dir='ltr'>con-</span> <span class='ocrx_word' id='word_1_214' title='bbox 1573 1908 1612 1931; x_wconf 91' lang='lat'>10</span> 
     </span>
     <span class='ocr_line' id='line_1_28' title="bbox 136 1953 1549 2010; baseline 0.003 -16"><span class='ocrx_word' id='word_1_215' title='bbox 136 1953 246 1996; x_wconf 90' lang='lat' dir='ltr'>tione</span> <span class='ocrx_word' id='word_1_216' title='bbox 263 1955 340 1996; x_wconf 91' lang='lat' dir='ltr'>nisi</span> <span class='ocrx_word' id='word_1_217' title='bbox 367 1957 527 1999; x_wconf 91' lang='lat' dir='ltr'>modice</span> <span class='ocrx_word' id='word_1_218' title='bbox 553 1959 793 2007; x_wconf 89' lang='lat' dir='ltr'>ostenderat,</span> <span class='ocrx_word' id='word_1_219' title='bbox 818 1972 869 1999; x_wconf 93' lang='lat' dir='ltr'>ne</span> <span class='ocrx_word' id='word_1_220' title='bbox 889 1957 1162 2010; x_wconf 90' lang='lat' dir='ltr'>Vespasianus</span> <span class='ocrx_word' id='word_1_221' title='bbox 1186 1957 1351 2010; x_wconf 90' lang='lat' dir='ltr'>quidem</span> <span class='ocrx_word' id='word_1_222' title='bbox 1380 1960 1471 2010; x_wconf 91' lang='lat' dir='ltr'>plus</span> <span class='ocrx_word' id='word_1_223' title='bbox 1497 1958 1549 1998; x_wconf 86' lang='lat' dir='ltr'>ci-</span> 
     </span>
     <span class='ocr_line' id='line_1_29' title="bbox 135 2019 1546 2077; baseline 0.003 -17"><span class='ocrx_word' id='word_1_224' title='bbox 135 2019 203 2060; x_wconf 92' lang='lat' dir='ltr'>vili</span> <span class='ocrx_word' id='word_1_225' title='bbox 231 2021 340 2063; x_wconf 90' lang='lat' dir='ltr'>bello</span> <span class='ocrx_word' id='word_1_226' title='bbox 366 2023 514 2064; x_wconf 90' lang='lat' dir='ltr'>obtulit</span> <span class='ocrx_word' id='word_1_227' title='bbox 541 2038 663 2077; x_wconf 90' lang='lat' dir='ltr'>quam</span> <span class='ocrx_word' id='word_1_228' title='bbox 692 2025 759 2065; x_wconf 88' lang='lat' dir='ltr'>alii</span> <span class='ocrx_word' id='word_1_229' title='bbox 787 2024 830 2064; x_wconf 91' lang='lat' dir='ltr'>in</span> <span class='ocrx_word' id='word_1_230' title='bbox 864 2038 974 2077; x_wconf 89' lang='lat' dir='ltr'>pace,</span> <span class='ocrx_word' id='word_1_231' title='bbox 1006 2023 1161 2075; x_wconf 86' lang='lat' dir='ltr'>egregie</span> <span class='ocrx_word' id='word_1_232' title='bbox 1189 2024 1327 2064; x_wconf 91' lang='lat' dir='ltr'>firmus</span> <span class='ocrx_word' id='word_1_233' title='bbox 1356 2025 1546 2064; x_wconf 88' lang='lat' dir='ltr'>adversus</span> 
     </span>
     <span class='ocr_line' id='line_1_30' title="bbox 135 2086 1548 2143; baseline 0.001 -16"><span class='ocrx_word' id='word_1_234' title='bbox 135 2086 346 2129; x_wconf 89' lang='lat' dir='ltr'>militarem</span> <span class='ocrx_word' id='word_1_235' title='bbox 371 2090 620 2142; x_wconf 88' lang='lat' dir='ltr'>largitionem</span> <span class='ocrx_word' id='word_1_236' title='bbox 646 2105 778 2143; x_wconf 90' lang='lat' dir='ltr'>eoque</span> <span class='ocrx_word' id='word_1_237' title='bbox 805 2090 980 2131; x_wconf 89' lang='lat' dir='ltr'>exercitu</span> <span class='ocrx_word' id='word_1_238' title='bbox 1004 2089 1179 2131; x_wconf 88' lang='lat' dir='ltr'>meliore.</span> <span class='ocrx_word' id='word_1_239' title='bbox 1240 2089 1351 2130; x_wconf 88' lang='lat' dir='ltr'>missi</span> <span class='ocrx_word' id='word_1_240' title='bbox 1381 2091 1434 2130; x_wconf 92' lang='lat' dir='ltr'>ad</span> <span class='ocrx_word' id='word_1_241' title='bbox 1459 2091 1548 2130; x_wconf 89' lang='lat' dir='ltr'>Par-</span> 
     </span>
    </p>
   </div>
   <div class='ocr_carea' id='block_1_3' title="bbox 135 2190 1551 2446">
    <p class='ocr_par' dir='ltr' id='par_1_4' title="bbox 135 2190 1551 2446">
     <span class='ocr_line' id='line_1_31' title="bbox 179 2190 1547 2236; baseline 0.001 -11"><span class='ocrx_word' id='word_1_242' title='bbox 179 2190 232 2226; x_wconf 88' lang='lat'>81.</span> <span class='ocrx_word' id='word_1_243' title='bbox 256 2192 301 2226; x_wconf 80' lang='lat' dir='ltr'>Id&#39;</span> <span class='ocrx_word' id='word_1_244' title='bbox 313 2193 378 2226; x_wconf 75' lang='lat' dir='ltr'>luti</span> <span class='ocrx_word' id='word_1_245' title='bbox 394 2193 437 2225; x_wconf 89' lang='lat' dir='ltr'><em>M</em></span> <span class='ocrx_word' id='word_1_246' title='bbox 535 2205 556 2235; x_wconf 88' lang='lat'><strong>3</strong></span> <span class='ocrx_word' id='word_1_247' title='bbox 579 2194 803 2227; x_wconf 87' lang='lat' dir='ltr'>servientium</span> <span class='ocrx_word' id='word_1_248' title='bbox 819 2194 961 2228; x_wconf 71' lang='lat' dir='ltr'>Novcik:</span> <span class='ocrx_word' id='word_1_249' title='bbox 985 2194 1249 2227; x_wconf 87' lang='lat' dir='ltr'>inservientium</span> <span class='ocrx_word' id='word_1_250' title='bbox 1265 2193 1316 2236; x_wconf 92' lang='lat' dir='ltr'>M,</span> <span class='ocrx_word' id='word_1_251' title='bbox 1336 2194 1372 2235; x_wconf 59' lang='lat' dir='ltr'>ey(</span> <span class='ocrx_word' id='word_1_252' title='bbox 1392 2193 1547 2235; x_wconf 85' lang='lat' dir='ltr'>Inlitora,</span> 
     </span>
     <span class='ocr_line' id='line_1_32' title="bbox 135 2237 1551 2289; baseline 0.001 -20"><span class='ocrx_word' id='word_1_253' title='bbox 135 2247 165 2270; x_wconf 90' lang='lat' dir='ltr'>c.</span> <span class='ocrx_word' id='word_1_254' title='bbox 183 2237 227 2278; x_wconf 88' lang='lat'>83</span> <span class='ocrx_word' id='word_1_255' title='bbox 266 2281 273 2289; x_wconf 36' lang='grc' dir='ltr'><strong>ο</strong></span> <span class='ocrx_word' id='word_1_256' title='bbox 294 2282 301 2289; x_wconf 46' lang='grc'><em>.</em></span> <span class='ocrx_word' id='word_1_257' title='bbox 343 2249 365 2277; x_wconf 81' lang='lat'>4</span> <span class='ocrx_word' id='word_1_258' title='bbox 390 2238 563 2271; x_wconf 89' lang='lat' dir='ltr'>exercitus</span> <span class='ocrx_word' id='word_1_259' title='bbox 579 2239 621 2270; x_wconf 92' lang='lat' dir='ltr'><em>M</em></span> <span class='ocrx_word' id='word_1_260' title='bbox 734 2249 754 2281; x_wconf 84' lang='lat'>5</span> <span class='ocrx_word' id='word_1_261' title='bbox 777 2240 927 2272; x_wconf 84' lang='lat' dir='ltr'>celerina</span> <span class='ocrx_word' id='word_1_262' title='bbox 949 2239 1134 2280; x_wconf 86' lang='lat' dir='ltr'>vagatione</span> <span class='ocrx_word' id='word_1_263' title='bbox 1156 2238 1208 2279; x_wconf 90' lang='lat' dir='ltr'>M,</span> <span class='ocrx_word' id='word_1_264' title='bbox 1229 2249 1310 2272; x_wconf 86' lang='lat' dir='ltr'>corr.</span> <span class='ocrx_word' id='word_1_265' title='bbox 1331 2250 1378 2272; x_wconf 89' lang='lat' dir='ltr'>m.</span> <span class='ocrx_word' id='word_1_266' title='bbox 1398 2240 1551 2271; x_wconf 79' lang='lat' dir='ltr'>recentior</span> 
     </span>
     <span class='ocr_line' id='line_1_33' title="bbox 138 2281 1547 2370; baseline 0 -12"><span class='ocrx_word' id='word_1_267' title='bbox 138 2281 464 2367; x_wconf 46' lang='lat' dir='ltr'>12825n4i¹qli¹1aeque</span> <span class='ocrx_word' id='word_1_268' title='bbox 481 2325 522 2358; x_wconf 88' lang='lat' dir='ltr'><em>M</em></span> <span class='ocrx_word' id='word_1_269' title='bbox 526 2325 540 2347; x_wconf 84' lang='lat'>²</span> <span class='ocrx_word' id='word_1_270' title='bbox 559 2328 594 2359; x_wconf 78' lang='lat' dir='ltr'>in</span> <span class='ocrx_word' id='word_1_271' title='bbox 612 2328 786 2370; x_wconf 81' lang='lat' dir='ltr'>margine:</span> <span class='ocrx_word' id='word_1_272' title='bbox 813 2338 950 2369; x_wconf 88' lang='lat' dir='ltr'>quoque</span> <span class='ocrx_word' id='word_1_273' title='bbox 966 2326 1008 2358; x_wconf 90' lang='lat' dir='ltr'><em>M</em></span> <span class='ocrx_word' id='word_1_274' title='bbox 1020 2339 1028 2360; x_wconf 89' lang='lat'><strong>:</strong></span> <span class='ocrx_word' id='word_1_275' title='bbox 1056 2328 1215 2369; x_wconf 88' lang='lat' dir='ltr'>quodque</span> <span class='ocrx_word' id='word_1_276' title='bbox 1234 2327 1360 2360; x_wconf 80' lang='lat' dir='ltr'>Ritter:</span> <span class='ocrx_word' id='word_1_277' title='bbox 1398 2327 1547 2368; x_wconf 84' lang='lat' dir='ltr'>quidque</span> 
     </span>
     <span class='ocr_line' id='line_1_34' title="bbox 135 2367 1547 2446; baseline 0.001 -45"><span class='ocrx_word' id='word_1_278' title='bbox 135 2367 364 2446; x_wconf 40' lang='lat' dir='ltr'>‘glumam</span> <span class='ocrx_word' id='word_1_279' title='bbox 439 2380 476 2403; x_wconf 85' lang='lat'>11</span> <span class='ocrx_word' id='word_1_280' title='bbox 500 2381 540 2404; x_wconf 85' lang='lat' dir='ltr'>ac</span> <span class='ocrx_word' id='word_1_281' title='bbox 556 2381 600 2404; x_wconf 89' lang='lat' dir='ltr'>ne</span> <span class='ocrx_word' id='word_1_282' title='bbox 616 2371 725 2404; x_wconf 79' lang='lat' dir='ltr'>Ritter</span> <span class='ocrx_word' id='word_1_283' title='bbox 824 2371 916 2404; x_wconf 86' lang='lat' dir='ltr'>civili</span> <span class='ocrx_word' id='word_1_284' title='bbox 933 2371 989 2404; x_wconf 85' lang='lat' dir='ltr'>M¹</span> <span class='ocrx_word' id='word_1_285' title='bbox 1004 2382 1011 2404; x_wconf 90' lang='lat'>:</span> <span class='ocrx_word' id='word_1_286' title='bbox 1037 2371 1138 2403; x_wconf 90' lang='lat' dir='ltr'>civile</span> <span class='ocrx_word' id='word_1_287' title='bbox 1154 2370 1198 2403; x_wconf 90' lang='lat' dir='ltr'><em>M</em></span> <span class='ocrx_word' id='word_1_288' title='bbox 1364 2381 1403 2412; x_wconf 90' lang='lat'>13</span> <span class='ocrx_word' id='word_1_289' title='bbox 1427 2372 1547 2402; x_wconf 89' lang='lat' dir='ltr'>melior</span> 
     </span>
    </p>
   </div>
  </div>
 </body>
</html>
