1748 2826
476 158 885 198 HISTORIARVM
917 158 1090 196 LIBER
1120 158 1138 195 I
1493 162 1511 199 I
1530 162 1583 209 56

103 267 137 309 si
177 266 394 310 concordia
436 274 477 308 et
523 281 599 319 pax
640 268 807 319 placeat,
853 269 1080 307 faciendum
1130 266 1433 320 imperatorem:
1472 277 1511 309 et

103 333 258 376 minore
275 332 506 374 discrimine
525 331 628 372 sumi
648 332 870 384 principem
888 346 1010 384 quam
1031 332 1179 383 quaeri.

267 396 453 437 Proxima
499 396 666 447 legionis
719 396 870 448 primae
922 396 1088 436 hiberna
1133 405 1244 437 erant
1291 405 1332 438 et
1382 412 1511 450 prom-
1529 403 1579 444 57

101 462 304 516 ptissimus
332 475 356 502 e
383 461 520 513 legatis
552 461 699 501 Fabius
728 463 887 501 Valens.
947 461 979 500 is
1023 461 1090 501 die
1120 470 1282 512 postero
1311 464 1511 503 coloniam

100 527 436 581 Agrippinensem
469 541 562 567 cum
602 526 803 578 equitibus
842 527 1010 578 legionis
1048 527 1424 580 auxiliariorumque
1458 531 1514 568 in—

101 606 257 646 gressus
285 592 565 644 imperatorem
595 591 803 632 Vitellium
839 591 1115 632 consalutavit.
1173 600 1334 633 secutae
1363 594 1514 645 ingenti

101 657 318 700 certamine
356 657 537 698 eiusdem
574 656 802 708 provinciae
839 656 1016 707 legiones
1032 671 1043 706 3
1085 664 1124 697 et
1158 657 1336 709 superior
1373 658 1515 698 exerci-
1534 670 1553 704 5

101 731 176 773 tus,
209 722 399 775 speciosis
432 730 593 762 senatus
631 721 851 774 populique
883 721 1060 762 Romani
1088 722 1322 763 nominibus
1355 723 1512 773 relictis,

100 787 261 830 tertium
284 796 413 828 nonas
443 786 647 828 Ianuarias
674 786 839 826 Vitellio
868 787 1058 828 accessitz
1093 787 1213 828 scires
1242 788 1354 828 illum
1382 789 1514 841 priore

102 853 230 894 biduo
258 865 342 893 non
371 865 496 905 penes
522 865 606 892 rem
636 851 841 903 publicam
869 851 1000 892 fuisse.
1060 854 1242 893 ardorem
1270 856 1514 895 exercituum

102 918 426 971 Agrippinenses,
465 917 631 967 Treviri,
673 917 876 969 Lingones
913 918 1152 969 aequabant,
1192 919 1338 959 auxilia
1374 934 1511 972 equos

101 998 213 1027 arma
242 968 467 1037 pecuniaffi‘
489 985 712 1032 offerentes,
748 990 791 1022 ut
826 982 997 1034 quisque
1028 966 1404 1036 corporesopibuss
1408 983 1531 1038 inge?
1537 999 1577 1025 10

101 1051 172 1091 nio
201 1050 368 1094 validus.
425 1063 500 1091 nec
526 1049 726 1100 principes
751 1049 878 1089 modo
907 1047 1154 1088 coloniarum
1183 1057 1252 1089 aut
1281 1058 1511 1101 castrorum,

101 1115 249 1168 quibus
277 1114 502 1168 praesentia
529 1126 580 1154 ex
604 1112 782 1153 affluenti
812 1119 852 1152 et
880 1119 992 1164 parta
1020 1112 1184 1154 victoria
1213 1127 1381 1166 magnae
1410 1129 1511 1168 spes,

102 1181 176 1225 sed
203 1178 402 1232 manipuli
418 1191 586 1230 quoque
606 1186 646 1219 et
673 1177 872 1229 gregarius
894 1178 1008 1218 miles
1035 1178 1179 1219 viatica
1200 1192 1273 1219 sua
1296 1188 1336 1220 et
1360 1181 1514 1222 balteos

100 1246 374 1298 phalerasque,
413 1242 585 1295 insignia
625 1255 827 1287 armorum
865 1250 1031 1295 argento
1070 1245 1227 1294 decora,
1266 1243 1358 1286 loco
1397 1260 1515 1299 pecu-

101 1309 192 1351 niae
210 1309 433 1357 tradebant,
455 1307 648 1348 instinctu
668 1314 708 1348 et
727 1307 882 1359 impetu
901 1316 942 1348 et
961 1309 1135 1350 avaritia.
1537 1319 1576 1351 15

265 1373 391 1427 Igitur
427 1374 589 1414 laudata
622 1372 793 1413 militum
833 1373 1036 1414 alacritate
1074 1374 1259 1416 Vitellius
1297 1376 1515 1417 ministeria
1533 1381 1584 1430 58

100 1440 346 1495 principatus
373 1453 445 1492 per
467 1438 632 1480 libertos
661 1438 724 1491 agi
753 1438 871 1479 solita
896 1438 937 1479 in
963 1439 1118 1491 equites
1146 1443 1354 1482 Romanos
1382 1443 1514 1494 dispo-

101 1507 172 1556 nit,
213 1505 443 1548 vacationes
461 1522 468 1529 ·
486 1503 788 1549 centurionibus
837 1518 887 1545 ex
929 1505 1028 1545 fisco
1071 1514 1265 1556 numerat,
1307 1507 1513 1548 saevitiam

101 1573 274 1614 militurn
305 1573 519 1624 plerosque
549 1571 603 1611 ad
636 1583 810 1622 poenam
845 1570 1148 1621 exposcentium
1182 1572 1341 1624 saepius
1372 1574 1514 1625 adpro—

100 1639 180 1687 bat,
211 1650 299 1678 raro
333 1635 589 1679 simulatione
622 1635 875 1676 vinculorum
897 1636 1122 1676 frustratur.
1173 1638 1389 1689 Pompeius
1421 1640 1514 1678 Pro·
1532 1654 1551 1686 5

100 1705 276 1758 pinquus
305 1710 538 1756 procurator
568 1701 753 1753 Belgicae
786 1700 919 1740 statim
951 1700 1182 1742 interfectus
1197 1717 1208 1751 3
1238 1703 1387 1742 Iulium
1419 1705 1514 1742 Bur-

99 1772 251 1812 donem
284 1768 550 1810 Germanicae
583 1769 719 1808 classis
755 1768 1000 1818 praefectum
1029 1774 1118 1807 astu
1148 1768 1350 1808 subtraxit.
1409 1782 1514 1809 exar-

100 1843 204 1877 serat
236 1835 278 1875 in
311 1848 405 1877 eum
443 1834 649 1874 iracundia
683 1832 877 1873 exercitus
910 1839 1116 1883 tamquam
1151 1833 1302 1873 crimen
1335 1847 1383 1873 ac
1421 1847 1514 1873 mox

99 1900 264 1941 insidias
291 1899 463 1940 Fonteio
489 1898 679 1951 Capitoni
710 1897 924 1938 struxisset.
987 1905 1095 1949 grata
1122 1906 1204 1938 erat
1227 1898 1420 1939 memoria
1440 1900 1514 1940 Ca-

56 1987 60 1990 >
100 1965 259 2018 pitonis,
299 1973 340 2007 et
380 1966 490 2018 apud
533 1964 743 2005 saevientis
788 1962 972 2004 occidere
1007 1965 1150 2015 palam,
1182 1963 1389 2015 ignoscere
1430 1978 1512 2004 non
1535 1977 1574 2000 10

100 2031 175 2072 nisi
204 2031 380 2072 fallendo
404 2030 574 2072 licebat:
603 2030 659 2071 ita
683 2029 725 2070 in
746 2029 928 2070 custodia
953 2028 1112 2070 habitus
1134 2036 1174 2070 et
1198 2037 1289 2081 post
1308 2029 1512 2070 victoriam

104 2133 451 2220 ¹953il2ralinpostero
467 2176 511 2209 M
514 2177 526 2199 ¹
543 2178 579 2210 in
603 2176 763 2218 maoeina
780 2177 816 2209 in
833 2181 922 2210 textu
943 2178 1101 2219 proximo
1118 2179 1160 2211 M
1173 2190 1214 2211 ex
1231 2179 1396 2221 superiore
1416 2188 1513 2211 versu

100 2225 219 2255 ortum
328 2231 350 2262 3
373 2221 626 2263 agrippiensem
651 2220 694 2252 M
810 2231 951 2262 gressus
967 2221 1012 2254 M
1120 2233 1139 2264 7
1163 2223 1266 2254 tertio
1283 2223 1331 2255 ed.
1345 2222 1514 2263 Spirensis

99 2275 123 2306 9
143 2264 380 2306 agrippienses
399 2264 443 2296 M
573 2275 614 2296 10
636 2264 797 2305 pecunias
817 2265 867 2304 M,
882 2276 963 2298 corr.
983 2265 1043 2296 M1
1178 2277 1345 2307 corporeo
1360 2266 1409 2305 M,
1429 2276 1510 2298 corr.

151 2307 164 2329 ¹
339 2318 376 2339 11
402 2308 526 2340 validis
540 2308 584 2340 M
743 2318 781 2348 14
805 2308 999 2349 falerasque
1015 2308 1057 2340 M
1235 2319 1274 2350 15
1298 2309 1354 2342 vel
1373 2309 1514 2342 avaritia

100 2307 271 2429 ἔγὸἱέἰὺιι
292 2356 350 2384 aut
365 2352 504 2384 avaritia
523 2352 604 2384 coni.
622 2350 743 2393 Halm,
757 2352 1079 2404 probatjsalmaggi

144 2400 170 2438 5
199 2418 208 2428 .
230 2403 254 2438 5
275 2405 353 2429 raro
367 2395 494 2436 Jacob:
519 2405 603 2437 paro
620 2395 663 2427 M
767 2397 790 2428 6
812 2396 990 2437 benig-icae
1007 2395 1050 2428 M
1134 2396 1325 2429 burdunem
1342 2396 1385 2429 M

1383 2463 1423 2496 3*
