1748 2826
0 1979 10 2403 r--r-=‚v.w‹vvw·qu-
0 1954 7 1966 ,1
0 1920 6 1939 ,v-
0 1903 4 1907 .

485 145 893 195 HISTORARIVM
926 155 1099 194 LIBER
1133 156 1194 194 1v
1482 159 1542 198 1v
1560 166 1613 208 75

130 267 312 308 Muciani
329 280 378 309 ac
399 265 621 308 Domitiani
640 279 742 306 vana
765 273 804 306 et
824 265 911 307 sine
929 266 1078 307 viribus
1102 267 1293 308 nomina:
1322 270 1354 308 si
1374 269 1540 311 Cerialis
1559 282 1578 314 5

128 332 340 386 imperium
361 333 580 374 Galliarum
601 331 706 380 velit,
728 331 836 383 ipsos
857 332 1004 372 finibus
1024 333 1243 373 civitatium
1269 348 1428 374 suarum
1448 349 1541 376 con-

127 405 261 440 tentos
274 412 288 450 3
313 398 348 439 si
366 397 562 452 proelium
586 398 735 447 mallet,
755 411 809 438 ne
825 397 867 438 id
896 398 1059 449 quidem
1081 400 1269 440 abnuere.
1327 402 1381 440 ad
1400 414 1447 440 ea
1466 402 1541 442 Ce-

127 463 232 504 rialis
252 463 370 506 Civili
389 471 430 505 et
450 463 630 505 Classico
655 462 780 503 nihil:
810 476 903 502 eum
924 463 993 515 qui
1012 465 1197 504 attulerat
1215 470 1255 505 et
1270 464 1375 517 ipsas
1396 466 1539 516 epistu-

126 530 185 569 las
203 530 257 570 ad
277 529 557 571 Domitianum
577 528 696 569 misit.

181 596 335 636 Hostes
372 595 509 636 divisis
546 594 671 646 copiis
708 596 908 635 advenere
945 593 1137 646 undique.
1196 596 1374 648 plerique
1405 599 1538 649 culpa·
1559 613 1599 637 10

125 659 224 702 bant
250 662 448 703 Cerialem
477 674 639 714 passum
665 659 776 713 iungi
800 674 904 713 quos
930 660 1124 701 discretos
1149 661 1385 713 intercipere
1411 663 1539 703 licuis-

125 733 196 767 set.
266 719 478 768 Romanus
510 725 702 767 exercitus
735 734 864 767 castra
902 727 1010 767 fossa
1036 728 1224 780 valloque
1261 727 1536 778 circumdedit,

125 790 215 844 quis
234 799 387 834 temere
402 799 520 833 antea
539 792 676 832 intutis
697 793 945 833 consederat.

287 859 412 912 Apud
444 859 671 900 Germanos
701 857 866 898 diversis
897 859 1104 900 sententiis
1139 860 1374 901 certabatur.
1434 860 1537 902 Civi-
1555 867 1611 914 76

124 924 173 966 lis
219 924 486 978 opperiendas
532 925 934 964 Transrhenanorum
981 924 1123 975 gentis,
1172 938 1340 976 quarum
1387 932 1536 967 terrore

123 991 271 1032 fractae
298 990 436 1044 populi
466 989 642 1030 Romani
671 989 772 1029 vires
801 989 1099 1030 obtererentur:
1134 991 1273 1031 Gallos
1300 990 1398 1042 quid
1426 991 1536 1032 aliud

123 1071 245 1111 quarn
274 1058 464 1111 praedam
490 1055 737 1097 victoribus?
793 1062 833 1095 et
862 1062 1008 1104 tamen,
1040 1057 1151 1107 quod
1181 1056 1335 1097 roboris
1361 1056 1424 1107 sit,
1447 1058 1536 1098 Bel-

122 1137 193 1177 gas
217 1137 357 1165 secum
382 1125 515 1177 palam
538 1130 607 1163 aut
630 1129 725 1176 voto
749 1129 862 1162 stare.
922 1123 1051 1161 Tutor
1077 1122 1335 1163 cunctatione
1358 1136 1536 1164 crescere
1554 1139 1573 1172 5

122 1202 208 1230 rem
238 1191 468 1230 Romanam
500 1188 749 1237 adfirmabat,
786 1186 1025 1227 coeuntibus
1060 1188 1240 1239 undique
1273 1188 1534 1230 exercitibus:

121 1261 389 1296 transvectam
425 1268 449 1296 e
480 1252 684 1294 Britannia
718 1252 929 1304 legionem,
964 1252 1110 1292 accitas
1142 1267 1190 1293 ex
1222 1253 1432 1306 Hispania,
1468 1255 1535 1295 ad-

121 1327 284 1361 ventare
306 1334 356 1361 ex
387 1321 528 1369 Italia;
565 1332 641 1359 nec
671 1319 848 1359 subitum
879 1317 1058 1367 militem,
1095 1319 1167 1359 sed
1198 1327 1371 1359 veterem
1402 1333 1536 1372 exper-

121 1393 289 1439 tumque
308 1386 414 1427 belli.
471 1399 566 1426 nam
592 1385 829 1434 Germanos,
851 1384 920 1436 qui
939 1385 992 1424 ab
1015 1384 1110 1436 ipsis
1131 1392 1346 1437 sperentur,
1369 1399 1452 1426 non
1478 1386 1534 1426 iu-

121 1452 217 1502 beri,
238 1466 321 1493 non
348 1453 440 1504 regi,
463 1453 543 1492 sed
563 1458 709 1492 cuncta
729 1464 777 1491 ex
801 1450 969 1491 libidine
993 1463 1110 1501 agere
1124 1464 1135 1500 3
1163 1451 1459 1504 pecuniamque
1484 1467 1532 1493 ac
1556 1469 1596 1492 10

120 1518 240 1568 dona,
267 1520 357 1571 quis
381 1517 476 1559 solis
502 1523 815 1569 corrumpantur,
848 1518 998 1556 maiora
1024 1517 1133 1568 apud
1155 1518 1374 1567 Romanos,
1404 1517 1443 1559 et
1466 1533 1534 1559 ne-

121 1584 271 1626 minem
301 1586 405 1626 adeo
435 1586 477 1625 in
507 1599 618 1625 arma
650 1598 822 1637 pronum
858 1591 902 1623 ut
935 1596 1018 1623 non
1048 1582 1157 1623 idem
1186 1583 1357 1636 pretium
1386 1586 1531 1637 quietis

119 1664 242 1704 quam
260 1651 426 1704 periculi
445 1651 567 1691 malit.
617 1652 727 1703 quod
748 1650 780 1690 si
801 1649 934 1690 statim
955 1649 1274 1701 congrediantur,
1297 1652 1424 1691 nullas
1446 1665 1532 1692 esse

120 1716 266 1759 Ceriali
302 1717 379 1758 nisi
412 1732 436 1759 e
473 1717 647 1770 reliquiis
678 1716 908 1758 Germanici
947 1714 1141 1756 exercitus
1180 1716 1367 1767 legiones,
1400 1718 1532 1758 foede-

118 1783 228 1824 ribus
266 1784 487 1825 Galliarum
524 1783 744 1824 obstrictas.
804 1782 927 1834 idque
966 1781 1098 1834 ipsum
1139 1783 1250 1834 quod
1283 1781 1532 1823 inconditam
1554 1801 1592 1834 15

119 1863 247 1903 nuper
274 1850 480 1892 Valentini
503 1864 666 1890 manum
695 1858 834 1890 contra
864 1862 977 1900 spem
1008 1861 1121 1887 suam
1152 1847 1337 1897 fuderint,
1368 1848 1532 1889 alimen-

118 1923 204 1956 tum
230 1916 307 1958 illis
335 1917 510 1970 ducique
541 1916 797 1958 temeritatis:
837 1927 1003 1955 ausuros
1034 1926 1166 1953 rursus
1192 1920 1460 1966 venturosque
1490 1917 1531 1955 in

118 1995 261 2023 manus
293 1996 376 2024 non
407 1983 578 2036 imperiti
611 1981 912 2028 adulescentuli,
944 1980 1064 2021 verba
1098 1987 1137 2020 et
1168 1978 1378 2020 contiones
1409 1993 1530 2032 quam

117 2049 264 2088 ferrum
295 2056 335 2090 et
362 2063 473 2090 arma
499 2048 739 2096 meditantis,
772 2048 843 2087 sed
874 2046 1011 2088 Civilis
1041 2052 1082 2086 et
1108 2044 1275 2086 Classici
1290 2060 1302 2096 3
1335 2059 1437 2098 quos
1460 2046 1530 2086 ubi

116 2111 353 2164 aspexerint,
387 2112 602 2153 redituram
633 2112 675 2151 in
708 2110 862 2150 animos
893 2108 1162 2157 formidinem,
1200 2110 1334 2161 fugam
1368 2110 1529 2148 samem·
1550 2127 1592 2150 20

117 2191 198 2230 que
229 2191 278 2218 ac
305 2177 452 2218 totiens
481 2178 607 2230 captis
636 2178 853 2229 precariam
884 2174 1017 2214 vitam.
1077 2188 1210 2226 neque
1244 2174 1431 2215 Treviros
1459 2183 1528 2214 aut

115 2283 139 2315 6
162 2283 239 2324 ipso
254 2282 298 2315 M
449 2293 468 2324 7
493 2283 587 2316 malit
602 2282 742 2323 Ernesti,
760 2279 871 2312 Halm
975 2280 997 2311 8
1019 2279 1136 2322 civilis!
1150 2279 1201 2320 M,
1217 2290 1296 2313 corr.
1308 2279 1366 2311 M1
1493 2285 1528 2312 et

116 2326 212 2368 ipsas
227 2325 389 2369 Ruperti:
413 2327 506 2368 ipsas
522 2327 584 2359 M:
602 2327 762 2368 ipsasque
777 2322 975 2357 Acidalius:
1000 2323 1086 2365 ipsis
1106 2323 1264 2356 Heraeus

162 2369 223 2414 76.
247 2379 268 2412 5
292 2371 465 2404 cunctatio
486 2371 561 2413 necl
584 2381 640 2403 res
662 2380 818 2412 gererem
845 2368 896 2409 M,
918 2372 1020 2409 super
1039 2378 1063 2408 g
1084 2368 1144 2401 scr'.
1171 2379 1190 2400 c
1213 2367 1271 2399 Μι
1395 2378 1433 2399 12
1458 2378 1526 2400 non

112 2423 184 2448 vm.
202 2414 253 2457 M,
270 2420 429 2457 superscr.
449 2415 491 2447 M
494 2414 506 2436 ¹
664 2425 703 2455 13
727 2415 834 2446 mallit
850 2412 894 2444 M
1025 2421 1064 2452 14
1089 2412 1241 2454 relilquis
1267 2412 1472 2452 germanicis
1488 2412 1532 2444 M

120 2459 160 2490 18
183 2458 344 2500 inperitia
361 2459 383 2491 d
386 2482 559 2493 .......
578 2458 828 2492 adulescentuli
845 2456 905 2488 M:
930 2456 1178 2489 adulescentuli
1195 2456 1246 2488 bis
1260 2457 1447 2498 scnpturus
1456 2460 1528 2488 erat

115 2512 160 2536 ao
182 2502 371 2545 famamque
388 2503 432 2535 M
