1748 2826
465 127 873 170 HISTORIARVM
905 128 1078 166 LIBER
1108 128 1127 165 I
1477 125 1497 162 Ι
1517 122 1571 170 48

91 241 288 282 inoffenso
335 239 480 292 legioni
529 246 619 291 post
666 245 889 290 praeturam
937 235 1185 288 praepositus
1227 236 1500 288 probatusque

91 305 220 347 servili
253 304 444 357 deinceps
473 304 620 357 probro
648 316 848 355 respersus
878 309 938 342 est
967 310 1172 352 tamquam
1206 301 1400 352 scyphum
1434 313 1499 338 au-
1521 311 1560 343 15

91 385 203 412 reum
228 370 270 410 in
296 369 481 411 convivio
508 369 667 411 Claudii
694 371 855 417 furatus,
878 376 917 408 et
939 367 1131 409 Claudius
1158 374 1317 418 postera
1340 365 1405 406 die
1426 365 1499 404 soli

91 435 272 477 omnium
293 435 415 476 Vinio
440 434 627 475 fictilibus
651 433 862 474 ministrari
889 432 1012 472 iussit.
1070 433 1140 472 sed
1164 431 1307 470 Vinius
1334 444 1500 483 procon-

91 503 222 542 sulatu
255 501 427 542 Galliam
467 500 774 540 Narbonensem
810 512 944 539 severe
978 498 1210 548 integreque
1244 495 1368 545 rexit3
1407 509 1501 535 mox

91 567 246 608 Galbae
272 565 448 607 amicitia
480 565 522 605 in
553 565 768 617 abruptum
798 571 960 613 tractus,
988 564 1133 612 audaX,
1162 562 1342 610 callidus,
1371 575 1501 613 prom-

90 639 183 684 ptus
220 638 271 681 et,
311 638 430 684 prout
469 630 649 670 animum
688 629 935 677 intendisset,
978 642 1120 680 pravus
1158 634 1226 667 aut
1268 626 1497 675 industrius,
1522 638 1562 661 20

91 698 234 738 eadem
253 696 302 737 vi.
343 702 627 737 testamentum
648 694 730 734 Titi
751 694 860 734 Vinii
882 693 1158 746 magnitudine
1178 706 1300 745 opum
1324 692 1498 741 inritum,

91 762 248 803 Pisonis
268 776 494 815 supremam
515 763 760 802 voluntatem
783 767 995 813 paupertas
1015 759 1195 799 firmavit.

255 829 409 869 Galbae
437 841 581 879 corpus
615 826 685 867 diu
719 827 946 878 neglectum
980 832 1020 866 et
1053 824 1213 865 licentia
1245 824 1499 864 tenebrarum
1518 831 1574 870 49

91 894 270 947 plurimis
323 894 504 935 ludibriis
555 900 740 933 vexatum
794 892 1046 944 dispensator
1092 890 1235 943 Argius
1290 904 1312 930 e
1365 889 1498 942 priori-

91 959 167 1000 bus
194 959 321 1000 ·servis
358 958 500 999 humili
535 960 736 1010 sepultura
770 957 810 997 in
840 956 1000 1009 privatis
1033 956 1118 997 eius
1153 957 1276 996 hortis
1310 955 1497 995 contexit.

92 1031 213 1076 caput
246 1038 316 1076 per
348 1024 445 1064 lixas
480 1025 722 1075 calonesque
756 1023 939 1062 suffixum
973 1023 1271 1073 laceratumque
1303 1028 1396 1060 ante
1431 1023 1501 1060 Pa-

91 1088 211 1129 trobii
238 1076 651 1140 tumulunff‘ffibertus
685 1087 717 1127 is
747 1087 921 1128 Neronis
950 1086 1113 1139 punitus
1141 1100 1165 1125 a
1193 1086 1324 1126 Galba
1358 1084 1499 1137 fuerat)
1523 1098 1541 1130 5

91 1161 251 1207 postera
277 1155 444 1195 demum
473 1154 539 1195 die
568 1161 767 1206 repertum
797 1160 837 1193 et
870 1159 1046 1192 cremato
1079 1151 1158 1192 iarn
1189 1151 1345 1203 corpori
1378 1150 1502 1191 admi-

90 1227 202 1260 xtum
221 1226 295 1260 est.
342 1221 451 1260 hunc
471 1219 620 1260 exitum
633 1219 781 1262 ‚habuit
801 1218 959 1259 Servius
979 1218 1120 1266 Galba,
1143 1217 1268 1258 tribus
1288 1224 1329 1258 et
1348 1224 1503 1269 septua-

89 1285 200 1337 ginta
236 1284 352 1325 annis
385 1284 564 1336 quinque
602 1283 800 1336 principes
834 1297 1022 1336 prospera
1055 1285 1213 1323 fortuna
1243 1296 1429 1323 emensus
1463 1290 1503 1323 et

79 1349 223 1391 ¹alieno
250 1349 420 1403 imperio
448 1349 600 1390 felicior
634 1363 755 1401 quam
786 1362 871 1389 suo.
902 1356 1015 1389 vetus
1044 1348 1085 1388 in
1119 1347 1268 1388 familia
1301 1348 1499 1397 nobilitas,

90 1429 260 1468 magnae
285 1429 408 1468 opes:
437 1414 513 1467 ipsi
537 1414 717 1455 medium
744 1414 960 1466 ingenium,
983 1415 1107 1465 magis
1133 1420 1241 1453 extra
1260 1413 1354 1453 vitia
1379 1427 1501 1465 quarn
1524 1431 1564 1454 10

90 1495 185 1522 cum
212 1481 435 1522 virtutibus.
495 1482 625 1522 famae
654 1494 730 1521 nec
759 1479 980 1520 incuriosus
1007 1492 1082 1520 nec
1109 1479 1333 1519 venditator
1346 1493 1358 1528 3
1386 1493 1502 1530 pecu-

91 1546 183 1588 niae
219 1548 374 1588 alienae
413 1561 497 1588 non
538 1548 748 1599 adpetens,
787 1560 882 1586 suae
924 1558 1077 1597 parcus,
1117 1544 1301 1596 publicae
1338 1558 1503 1594 avarus;

90 1611 312 1654 amicorum
352 1612 676 1665 libertorumque,
711 1613 781 1652 ubi
819 1612 860 1651 in
901 1611 1029 1651 bonos
1068 1610 1284 1659 incidisset,
1319 1610 1404 1651 sine
1448 1625 1504 1651 re-

0 1665 44 1727 μ)
90 1677 358 1729 prehensione
391 1677 558 1730 patiens,
591 1677 624 1717 si
659 1657 775 1717 mali
785 1679 926 1725 forent,
963 1690 1090 1728 usque
1123 1677 1175 1717 ad
1209 1677 1368 1726 culpam
1399 1675 1504 1727 igna-

90 1755 168 1782 rus.
230 1744 304 1784 sed
331 1742 487 1784 claritas
515 1743 707 1783 natalium
738 1750 778 1783 et
807 1750 937 1782 metus
966 1749 1192 1794 temporum
1221 1740 1415 1790 obtentui,
1447 1748 1500 1788 ut,
1526 1755 1563 1788 ¹5

36 1799 203 1861 idquod
231 1808 398 1861 segnitia
431 1816 524 1857 erat,
557 1808 752 1861 sapientia
784 1815 1001 1848 vocaretur.
1075 1808 1174 1847 dum
1204 1806 1363 1858 vigebat
1395 1812 1503 1846 aetas

91 1873 249 1915 militari
277 1876 396 1916 laude
423 1875 533 1927 apud
560 1874 795 1915 Germanias
830 1873 973 1913 floruit.
1033 1874 1299 1924 pro-‘consule
1327 1872 1503 1912 Africam

90 1942 307 1989 moderate,
329 1940 410 1981 iam
438 1940 570 1981 senior
599 1939 822 1980 citeriorem
854 1938 1094 1990 Hispaniam
1125 1938 1209 1990 pari
1235 1937 1384 1978 iustitia
1411 1951 1505 1978 con-

91 2004 221 2056 tinuit,
243 2005 369 2046 maior
390 2004 544 2057 privato
564 2006 670 2045 visus
700 2005 798 2044 dum
824 2003 1000 2055 privatus
1027 2003 1111 2051 suit,
1134 2011 1174 2043 et
1203 2003 1384 2044 omnium
1411 2016 1505 2043 con-

92 2084 212 2111 sensu
231 2084 356 2123 capax
374 2070 530 2123 imperii
550 2071 626 2111 nisi
646 2070 890 2123 imperasset.
1524 2083 1564 2105 20

253 2135 471 2189 Trepidam
510 2137 650 2177 urbem
689 2150 736 2176 ac
774 2135 893 2176 simul
930 2134 1177 2175 atrocitatem
1216 2135 1384 2175 recentis
1423 2148 1502 2174 sce·
1521 2147 1575 2187 50

94 2248 132 2279 17
156 2237 341 2281 proconsul
364 2238 539 2272 Muretus:
570 2249 633 2280 pro
656 2238 799 2271 consule
822 2238 930 2270 Rt'tter
1077 2249 1117 2280 19
1141 2239 1271 2271 calidus
1288 2237 1331 2270 M
1460 2249 1504 2272 20

89 2283 231 2326 pravus]
249 2282 395 2324 ignavus
412 2283 593 2325 Nipperdey
723 2294 765 2315 22
789 2293 969 2324 supraema
986 2282 1029 2314 M

135 2333 202 2369 49.
227 2337 248 2359 2
270 2327 477 2368 primoribus
492 2326 655 2367 Faernus,
674 2326 786 2359 Halm
897 2338 917 2367 4
942 2327 1115 2359 confixum
1132 2326 1254 2367 Halm,
1272 2336 1380 2359 errore
1481 2336 1501 2367 5

90 2369 146 2403 his
161 2369 204 2402 M
322 2381 365 2404 ιο
387 2372 522 2412 magnis
538 2370 580 2402 M
713 2381 751 2410 14
775 2371 817 2403 ab
835 2370 884 2410 M,
901 2372 923 2403 d
939 2371 975 2402 in
992 2381 1145 2413 margine
1159 2370 1238 2403 add.
1255 2370 1297 2402 M
1301 2369 1315 2388 Δ
1404 2370 1500 2410 igna-

90 2422 154 2447 vus
167 2413 342 2448 Acidaliae
477 2423 518 2457 19
541 2419 712 2448 consensu
727 2414 777 2457 M,
797 2417 911 2447 notam
926 2413 986 2447 del.
1002 2412 1042 2446 M
1048 2413 1060 2435 ¹
