1748 2826
474 150 881 191 HISTORIARVM
913 150 1085 188 LIBER
1116 151 1135 188 I
1489 151 1508 188 I
1528 160 1573 199 41

101 262 243 310 forum3
276 258 470 301 >destricta
507 260 696 299 adversus
735 258 954 298 dubitantis
990 260 1078 298 tela.
1149 258 1257 298 iuxta
1295 258 1422 298 Curtii
1460 260 1512 298 la-
1533 277 1551 309 5

99 341 194 368 cum
225 325 492 378 trepidatione
525 324 736 364 ferentium
771 323 901 363 Galba
934 323 1134 375 proiectus
1169 337 1191 362 e
1226 325 1321 363 sella
1350 337 1397 362 ac
1428 337 1514 374 pro-

101 394 259 433 volutus
283 398 353 431 est.
413 398 629 430 extremam
658 390 742 429 eius
766 403 919 437 vocem,
949 397 992 428 ut
1016 389 1161 440 cuique
1188 389 1327 428 odium
1351 397 1420 429 aut
1447 392 1514 429 ad-

101 457 257 498 miratio
295 457 381 505 fuit,
423 456 529 496 varie
569 456 791 508 prodidere.
865 455 932 495 alii
975 456 1206 508 suppliciter
1253 456 1514 508 interrogasse

99 523 199 576 quid
227 523 322 563 mali
352 522 571 570 meruisset,
602 535 752 573 paucos
787 522 872 562 dies
886 523 1127 584 Qvendo
1156 522 1348 562 donativo
1377 525 1515 575 depre-

98 595 262 630 catum:
305 589 437 640 plures
471 587 664 628 obtulisse
703 589 805 628 ultro
843 587 1142 639 percussoribus
1181 587 1386 639 iugulum:
1427 603 1450 628 a
1478 603 1514 629 e·
1536 604 1576 627 10

98 659 191 708 Q
214 667 263 694 ac
290 653 461 709 felssreng
493 653 526 692 si
560 652 614 693 ita
642 666 661 691 e
689 667 730 693 re
764 653 926 705 publiea
955 653 1164 693 videretur.
1224 667 1307 693 non
1337 653 1514 693 interfuit

99 717 372 759 occidentium
400 718 500 770 quid
529 718 690 759 diceret.
748 719 802 758 de
830 732 1063 770 percussore
1092 732 1175 758 non
1210 719 1303 759 satis
1332 727 1515 759 constat:

99 784 265 838 quidam
290 784 525 825 Terentium
549 791 771 833 evocatum,
798 784 863 824 alii
894 784 1139 824 Laecanium
1157 799 1168 834 3
1210 784 1384 825 crebrior
1409 787 1515 824 fama

87 849 263 890 tradidit
291 849 525 890 Camurium
551 849 716 900 quintae
740 849 921 890 decimae
944 850 1111 902 legionis
1132 850 1299 890 niilitem
1321 850 1514 903 impresso
1546 853 1602 893 νῦ
1616 856 1624 866 ’

33 920 46 946 ⁸
99 914 234 967 gladio
262 914 441 967 iugulum
471 914 556 955 eius
585 915 774 955 hausisse.
833 915 954 955 ceteri
983 930 1096 955 crura
1129 915 1372 967 brachiaque
1401 915 1512 970 (nam
1537 931 1574 963 15

100 987 240 1032 pectus
271 979 494 1032 tegebatur)
530 981 648 1019 foede
681 980 905 1029 laniavere;
944 982 1133 1032 pleraque
1167 982 1330 1020 vulnera
1361 981 1513 1021 feritate

101 1053 141 1086 et
160 1045 324 1087 saevitia
341 1052 485 1085 trunco
503 1044 584 1085 iam
603 1045 759 1096 corpori
779 1045 945 1085 adiecta.

263 1110 403 1150 Titum
434 1111 531 1150 inde
559 1110 726 1149 Vinium
758 1110 946 1159 invasere,
974 1112 1026 1151 de
1055 1125 1137 1162 quo
1166 1118 1205 1151 et
1235 1111 1323 1162 ipso
1351 1112 1514 1163 ambigi·
1533 1124 1587 1162 42

102 1185 164 1216 tur
191 1176 538 1228 consumpseritne
563 1189 706 1216 vocem
738 1175 823 1215 eius
855 1171 1007 1215 instans
1040 1184 1182 1225 metus,
1213 1191 1264 1216 an
1296 1178 1513 1228 proclama-

101 1241 200 1282 verit
226 1255 311 1282 non
338 1254 427 1282 esse
454 1242 508 1282 ab
538 1241 704 1282 Othone
739 1243 972 1281 mandatum
1007 1249 1051 1282 ut
1084 1242 1343 1282 occideretur.
1401 1245 1513 1294 quod

101 1320 171 1347 seu
199 1306 314 1347 finxit
339 1306 553 1347 formidine
575 1320 646 1347 seu
676 1307 964 1347 conscientiam
993 1308 1279 1348 coniurationis
1307 1311 1513 1349 confessus

99 1380 172 1423 est,
199 1374 280 1413 huc
306 1373 440 1425 potius
467 1373 552 1412 eius
582 1372 662 1412 vita
689 1374 874 1424 famaque
903 1373 1078 1423 inclinat,
1109 1381 1153 1414 ut
1178 1375 1364 1414 conscius
1394 1377 1514 1416 scele-
1534 1392 1552 1423 5

99 1437 152 1479 ris
166 1437 287 1478 ‚fuerit
307 1438 421 1478 cuius
440 1452 561 1482 causa
579 1447 673 1478 erat.
731 1446 825 1478 ante
849 1441 990 1479 aedem
1021 1440 1102 1480 divi
1131 1440 1223 1480 Iulii
1244 1440 1363 1480 iacuit
1384 1441 1513 1493 primo

99 1503 183 1544 ictu
223 1503 231 1512 ‘
355 1503 505 1556 plitem,
542 1518 636 1544 mox
672 1505 725 1543 ab
765 1504 870 1544 Iulio
908 1506 1014 1546 Caro
1052 1505 1269 1557 legionario
1309 1507 1433 1546 milite
1472 1507 1512 1546 in

65 1602 86 1634 ἐ
101 1501 807 1725 utrquransverberatus.

266 1638 315 1676 In
509 1636 577 1676 illa
612 1635 679 1676 die
709 1635 837 1676 virum
870 1637 1150 1689 Sempronium
1184 1642 1367 1680 Densum
1402 1647 1511 1679 aetas
1532 1650 1586 1689 43

101 1711 237 1744 nostra
264 1703 401 1744 vidit.
434 1703 615 1744 centurio
643 1705 676 1744 is
705 1703 925 1756 praetoriae
954 1705 1141 1755 cohortis,
1168 1721 1192 1746 a
1223 1707 1354 1747 Galba
1384 1714 1513 1746 custo-

101 1769 192 1811 diae
219 1769 376 1810 Pisonis
405 1769 579 1819 additus,
602 1769 739 1809 stricto
759 1769 933 1821 pugione
954 1783 1165 1810 occurrens
1192 1772 1352 1812 armatis
1373 1779 1412 1811 et
1433 1785 1512 1811 sce-

100 1836 163 1876 lus
189 1835 433 1888 exprobrans
451 1849 499 1875 ac
519 1836 643 1875 modo
671 1849 792 1874 manu
814 1837 938 1875 modo
965 1850 1063 1876 voce
1088 1839 1282 1878 vertendo
1306 1839 1346 1877 in
1367 1852 1409 1878 se
1429 1851 1513 1890 per-

100 1915 282 1942 cussores
310 1914 556 1957 quam-quam
587 1902 794 1940 vulnerato
829 1900 964 1940 Pisoni
997 1902 1186 1954 effugium
1222 1904 1343 1943 dedit.
1419 1904 1513 1943 Piso
1533 1919 1551 1952 5

100 1967 143 2007 in
173 1969 317 2008 aedem
347 1969 497 2007 Vestae
527 1968 709 2019 pervasit,
744 1974 1014 2018 exceptusque
1054 1968 1325 2009 misericordia
1362 1970 1512 2022 publici

101 2033 202 2074 servi
226 2041 266 2074 et
294 2033 560 2074 contubernio
589 2033 673 2072 eius
703 2032 864 2072 abditus
891 2046 973 2072 non
1003 2034 1193 2085 religione
1223 2049 1297 2075 nec
1327 2035 1513 2075 caerimo

103 2149 122 2179 7
146 2138 336 2171 ammiratio
351 2138 395 2171 Μ
560 2140 581 2171 8
604 2139 718 2171 variae
735 2140 882 2180 prodere
898 2139 942 2171 M
1104 2151 1126 2182 9
1150 2140 1333 2172 meruisset
1350 2146 1385 2173 et
1404 2140 1513 2173 Halm

106 2193 147 2215 ro
168 2182 236 2215 hoc
265 2188 409 2224 agerent
434 2182 592 2215 Muretus
618 2194 634 2214 e
656 2182 748 2217 Suet.
777 2183 882 2216 Galba
906 2195 951 2217 20
1088 2195 1124 2216 11
1152 2195 1171 2216 e
1199 2195 1266 2216 om.
1298 2185 1342 2216 M
1474 2195 1513 2224 13

102 2226 272 2259 lecanium
288 2225 337 2268 M,
356 2228 395 2266 cs}
412 2226 458 2259 A.
476 2238 532 2260 xv,
550 2238 594 2268 33

148 2277 210 2313 42.
235 2281 257 2312 3
281 2271 412 2303 othone
439 2270 481 2302 M
488 2271 523 2303 ¹:
555 2272 683 2303 othone
711 2272 754 2304 M
884 2285 905 2315 4
927 2274 1172 2306 conscientiam
1200 2273 1403 2307 Acidalius:
1435 2283 1514 2304 con-

105 2315 250 2347 scientia
265 2314 308 2347 M
439 2325 458 2356 7
482 2316 570 2347 ictus
588 2314 709 2349 Meiser
810 2318 899 2350 Caro
913 2318 1102 2350 Rhenanus
1119 2331 1126 2351 :
1152 2319 1244 2351 cario
1258 2317 1301 2349 M
1409 2318 1440 2348 in
1452 2317 1511 2348 del.

102 2358 130 2392 1.
146 2358 185 2391 F.
207 2358 399 2391 Gronovius

147 2409 210 2446 43.
240 2414 254 2436 1
280 2403 337 2435 illa
349 2407 466 2436 notam
479 2403 538 2437 del.
550 2403 592 2435 M
599 2404 611 2425 ²
697 2416 718 2436 2
743 2406 795 2438 his
809 2405 852 2437 M
936 2418 956 2439 a
973 2407 1092 2448 galbae
1110 2408 1287 2440 custodiae
1301 2418 1321 2440 a
1334 2407 1466 2448 pisonis
1476 2405 1516 2437 M
