1748 2826
182 146 226 184 II
246 155 298 195 24
692 150 970 190 CORNELII
1001 151 1195 191 TACITI

245 259 346 300 torio
374 260 607 312 auxiliisque
638 261 745 300 mille
775 261 938 312 equites,
979 263 1161 301 cumulus
1194 261 1390 314 prosperis
1421 268 1489 302 aut
1517 261 1641 302 subsi-

244 324 355 364 dium
375 325 656 374 laborantibus,
680 327 937 366 ducebantur.

171 393 223 433 25
405 392 633 441 Antequam
681 391 937 431 miscerentur
974 392 1089 439 acies,
1130 399 1237 443 terga
1285 391 1526 432 vertentibus
1573 390 1639 430 Vi-

243 454 422 503 tellianis,
461 456 600 496 Celsus
637 455 719 495 doli
757 457 930 507 prudens
969 456 1150 508 repressit
1189 469 1307 496 suos:
1347 456 1549 496 Vitelliani
1586 462 1640 496 te·

245 532 352 558 mere
389 527 620 571 exurgentes
665 522 833 560 cedente
872 521 1018 560 sensim
1058 522 1178 561 Celso
1220 520 1377 572 longius
1421 520 1547 561 secuti
1584 522 1640 560 ul-

242 591 303 624 tro
331 583 373 623 in
401 584 563 624 insidias
594 586 897 637 praecipitantur
910 600 922 635 3
959 599 1051 625 nam
1084 599 1108 624 a
1138 585 1323 625 lateribus
1361 586 1556 634 cohortes,
1587 586 1646 639 le-v

202 665 220 697 5
242 648 406 699 gionum
461 651 626 690 adversa
671 651 790 699 frons,
838 658 878 690 et
934 650 1066 690 subito
1117 650 1297 690 discursu
1354 657 1461 702 terga
1511 649 1639 690 cinxe-

242 720 328 752 rant
351 713 514 765 equites.
573 714 730 766 signum
757 728 912 767 pugnae
936 728 1019 755 non
1044 715 1176 755 statim
1201 729 1226 755 a
1253 715 1443 755 Suetonio
1470 715 1638 756 Paulino
1667 742 1669 745 ι

241 778 366 830 pediti
395 780 559 819 datum:
598 786 803 819 cunctator
835 786 974 819 natura
1002 786 1041 819 et
1070 779 1135 819 cui
1163 787 1279 819 cauta
1304 779 1438 831 potius
1472 779 1638 820 consilia

241 856 333 882 cum
363 843 513 884 ratione
542 857 662 895 quam
691 857 877 896 prospera
905 857 952 884 ex
981 857 1074 884 casu
1102 844 1315 896 placerent,
1344 845 1534 897 compleri
1561 845 1637 885 fos·

242 921 314 957 sas,
345 908 485 960 aperiri
514 921 712 961 campum,
743 909 865 961 pandi
901 909 1028 949 aciem
1055 909 1231 959 iubebat,
1267 909 1360 949 satis
1397 911 1478 950 cito
1514 909 1637 963 incipi

180 988 220 1010 10
240 972 444 1012 victoriam
478 980 583 1013 ratus
611 974 682 1013 ubi
711 974 911 1025 provisum
941 975 1043 1014 foret
1069 988 1121 1015 ne
1148 974 1410 1016 vincerentur.
1465 988 1515 1015 ea
1543 988 1638 1016 cun-

239 1037 413 1078 ctatione
442 1038 613 1090 spatium
642 1039 863 1078 Vitellianis
893 1041 1031 1079 datum
1061 1039 1102 1079 in
1130 1039 1264 1079 vineas
1294 1054 1398 1080 nexu
1426 1041 1636 1081 traducum

238 1102 447 1155 impeditas
477 1103 695 1155 refugiendi
709 1118 720 1153 3
757 1111 796 1144 et
825 1104 983 1144 modica
1012 1106 1109 1144 silva
1135 1106 1386 1154 adhaerebat,
1418 1107 1526 1146 unde
1553 1118 1635 1147 rur-

238 1181 303 1207 sus
358 1168 443 1208 ausi
498 1168 814 1220 promptissimos
866 1169 1202 1220 praetorianorum
1253 1169 1432 1221 equitum
1482 1170 1637 1212 interfe-

237 1246 336 1272 cere.
407 1235 633 1273 vulneratur
668 1247 735 1273 rex
773 1234 1015 1286 Epiphanes,
1055 1234 1219 1286 impigre
1256 1248 1328 1286 pro
1366 1235 1529 1276 Othone
1565 1250 1635 1288 pu·

180 1309 217 1341 15
237 1311 356 1349 gnam
380 1298 498 1338 ciens.

160 1365 217 1403 26
399 1366 507 1403 Tum
539 1363 790 1405 Othonianus
819 1365 942 1417 pedes
972 1365 1099 1417 erupit
1113 1379 1126 1415 3
1154 1364 1317 1416 protrita
1345 1364 1520 1405 hostium
1547 1363 1633 1405 acie

235 1428 335 1468 versi
355 1428 396 1467 in
416 1431 548 1480 fugam
575 1429 693 1469 etiam
721 1429 788 1480 qui
816 1429 1132 1478 subveniebant3
1160 1443 1253 1468 nam
1280 1429 1454 1470 Caecina
1478 1442 1560 1469 non
1587 1429 1634 1469 si-

234 1495 318 1532 mul
347 1495 521 1533 cohortis
552 1496 623 1534 sed
652 1494 824 1545 singulas
851 1494 1057 1542 acciverat,
1093 1508 1195 1545 quae
1223 1508 1283 1534 res
1312 1494 1353 1535 in
1381 1495 1532 1546 proelio
1561 1501 1632 1534 tre-

234 1557 478 1608 pidationem
508 1559 625 1607 auxit,
659 1572 751 1598 cum
782 1558 979 1610 dispersos
1012 1572 1087 1599 nec
1117 1572 1286 1610 usquam
1322 1558 1474 1599 validos
1511 1572 1633 1610 pavor

192 1634 210 1667 5
234 1622 466 1672 fugientium
497 1624 703 1675 abriperet.
772 1631 857 1663 orta
894 1631 933 1663 et
971 1623 1012 1663 in
1049 1624 1184 1663 castris
1222 1624 1364 1664 seditio
1401 1625 1512 1676 quod
1549 1638 1631 1664 non

232 1687 403 1727 universi
423 1690 684 1728 ducerentur:
714 1688 868 1728 vinctus
895 1690 1115 1740 praefectus
1142 1695 1358 1729 castrorum
1383 1688 1507 1728 Iulius
1537 1690 1631 1730 Gra-

232 1759 305 1801 tus,
328 1760 530 1804 tamquam
550 1753 655 1793 fratri
681 1755 788 1805 apud
817 1754 1020 1794 Othonem
1047 1753 1228 1794 militanti
1252 1753 1518 1806 proditionem
1545 1766 1632 1805 age-

231 1826 299 1866 ret,
331 1832 422 1858 cum
451 1820 608 1858 fratrem
637 1818 732 1867 eius,
765 1818 912 1858 Iulium
946 1821 1188 1859 Frontonem
1219 1818 1433 1874 tribunum,
1465 1817 1632 1859 Othoni-

230 1883 295 1923 ani
329 1884 403 1923 sub
435 1885 577 1924 eodem
609 1883 774 1924 crimine
802 1883 1028 1924 vinxissent.
1097 1891 1272 1924 ceterum
1303 1897 1350 1924 ea
1380 1882 1529 1934 ubique
1557 1884 1631 1923 for-

172 1962 212 1984 10
232 1950 341 1988 mido
379 1949 451 1988 fuit
481 1950 589 2000 apud
618 1949 803 2000 fugientis
841 1948 1093 1997 occursantis,
1129 1950 1170 1987 in
1207 1947 1292 1988 acie
1328 1960 1400 1999 pro
1437 1949 1550 1995 vallo,
1586 1954 1630 1986 ut

231 2013 352 2054 deleri
390 2027 482 2053 cum
519 2013 702 2053 universo
740 2013 911 2053 exercitu
944 2013 1158 2054 Caecinam
1195 2012 1382 2064 potuisse,
1414 2011 1456 2051 ni
1493 2013 1630 2052 Sueto-

229 2078 317 2118 nius
356 2078 543 2117 Paulinus
582 2078 756 2130 receptui
794 2077 1011 2127 cecinisset,
1044 2076 1219 2127 utrisque
1256 2076 1297 2116 in
1333 2075 1509 2128 partibus
1546 2088 1630 2127 per-

230 2142 452 2182 crebruerit.
522 2142 699 2182 timuisse
730 2156 771 2182 se
805 2142 993 2182 Paulinus
1024 2141 1173 2182 ferebat
1206 2147 1360 2200 tantum
1391 2140 1550 2192 insuper
1578 2141 1629 2180 la-

275 2252 333 2286 25.
359 2256 380 2285 3
402 2244 569 2287 cedunt·{e
586 2243 626 2275 M
755 2254 775 2284 5
802 2245 954 2277 cinxerat
970 2245 1012 2277 M
1098 2254 1204 2286 eques
1219 2244 1336 2285 Ritter,
1353 2243 1462 2276 Halm
1605 2244 1627 2274 8

232 2299 307 2320 cum
325 2289 455 2319 ratione
472 2288 541 2320 secl.
561 2288 680 2319 Nova'k

271 2330 335 2364 26.
366 2341 402 2362 11
430 2331 536 2363 deleri
554 2342 631 2364 cum
648 2331 690 2363 M
693 2330 727 2364 ¹:
751 2331 935 2364 delericum
952 2332 994 2365 M
1094 2342 1133 2364 12
1157 2331 1407 2374 percrebruerit
1422 2329 1624 2363 Beroaldus:

231 2375 442 2417 percrebruit
459 2375 499 2407 M
