1748 2826
454 146 864 188 HISTORIARVM
895 146 1069 185 LIBER
1099 146 1166 185 III
1453 146 1518 184 ΙΙΙ
1539 144 1596 184 68

114 259 374 316 congruentia
400 259 784 302 locutus—cedere
812 271 854 298 se
883 257 992 310 pacis
1022 264 1062 298 et
1089 256 1145 298 rei
1177 257 1362 310 publicae
1388 270 1519 306 causa,
1546 268 1586 293 10

113 329 328 369 retinerent
360 333 516 367 tantum
548 323 782 365 memoriam
814 323 875 363 sui
904 324 1144 374 fratremque
1173 330 1212 363 et
1243 322 1455 374 coniugem
1485 329 1524 362 et

113 391 317 433 innoxiam
354 391 571 432 liberorum
607 397 779 430 aetatem
818 388 1097 429 miserarentur
1124 412 1200 438 —,
1241 388 1359 428 simul
1398 387 1524 427 filium

112 458 370 510 protendens,
418 457 543 497 modo
591 455 754 507 singulis
802 456 926 495 modo
977 454 1170 495 universis
1220 455 1522 502 commendans,

113 530 317 576 postremo
363 523 460 563 fletu
506 520 791 574 praepediente
837 519 1046 560 adsistenti
1093 519 1249 560 consuli
1307 519 1524 571 (Caecilius

113 587 289 641 Simplex
325 587 426 641 erat)
458 588 662 628 exolutum
694 600 718 626 a
750 588 871 626 latere
910 586 1139 638 pugionem,
1173 587 1281 626 velut
1319 585 1380 626 ius
1414 585 1524 625 necis
1546 597 1586 631 15

111 653 296 706 vitaeque
334 653 492 702 civium,
528 651 734 693 reddebat.
791 658 1028 703 aspernante
1066 653 1243 700 consule,
1280 650 1526 691 reclamanti-

111 718 188 759 bus
214 717 284 772 qui
311 717 354 759 in
382 717 572 759 contione
598 716 844 766 adstiterant,
873 723 917 757 ut
946 715 986 756 in
1015 718 1116 757 aede
1141 718 1394 758 Concordiae
1421 717 1525 771 posi-

111 790 223 826 turus
261 783 429 838 insignia
466 782 621 836 imperii
659 783 910 835 domumque
942 782 1068 823 fratris
1099 782 1294 834 petiturus
1327 783 1520 824 discessit.

0 853 6 912 ζ
65 851 67 854 ⁴
113 852 240 892 maior
271 850 338 890 hic
370 851 522 891 clamor
553 848 836 889 obsistentium
875 847 1090 900 penatibus
1128 848 1300 900 privatis,
1337 848 1378 889 in
1413 850 1524 889 Pala-

112 915 212 956 tium
236 915 480 956 vocantium.
536 914 795 955 interclusum
819 913 929 954 aliud
955 913 1039 963 iter,
1067 913 1190 966 idque
1218 916 1349 954 solum
1375 927 1458 966 quo
1482 916 1522 953 in
1544 927 1587 950 20

113 994 266 1022 sacram
285 980 390 1022 viam
410 988 588 1034 pergeret
609 979 796 1033 patebat:
824 986 911 1020 tum
931 979 1087 1020 consilii
1114 979 1230 1030 inops
1256 980 1299 1020 in
1325 980 1522 1021 Palatium

113 1046 228 1089 redit.

277 1114 540 1153 Praevenerat
578 1124 712 1152 rumor
745 1110 887 1151 eiurari
920 1111 972 1151 ab
1007 1124 1057 1151 eo
1095 1111 1319 1164 imperium,
1359 1114 1523 1165 scripse-
1542 1116 1604 1163 69

113 1184 254 1230 ratque
287 1177 446 1218 Flavius
479 1176 652 1218 Sabinus
681 1176 908 1217 cohortium
939 1176 1110 1217 tribunis
1138 1185 1182 1217 ut
1214 1177 1381 1218 militem
1416 1178 1525 1218 cohi·

113 1242 266 1284 berent.
322 1242 440 1296 igitur
477 1249 683 1294 tamquam
721 1241 853 1282 omnis
900 1255 961 1282 res
1009 1242 1170 1294 publica
1207 1242 1249 1282 in
1287 1244 1524 1295 Vespasiani

113 1307 246 1348 sinum
284 1307 504 1356 cecidisset,
538 1306 731 1359 primores
769 1314 929 1347 senatus
961 1315 1000 1347 et
1031 1307 1209 1359 plerique
1240 1309 1433 1360 equestris
1467 1324 1525 1350 or-

113 1372 218 1414 dinis
241 1372 453 1426 omnisque
477 1373 591 1413 miles
614 1373 790 1412 urbanus
815 1380 854 1412 et
877 1372 1014 1424 vigiles
1038 1374 1206 1413 domurn
1234 1374 1358 1414 Flavii
1386 1375 1524 1415 Sabini
1547 1386 1565 1419 5

113 1438 375 1490 complevere.
442 1437 536 1478 illuc
569 1439 621 1478 de
654 1438 796 1478 studiis
825 1439 930 1489 vulgi
964 1445 1004 1478 et
1038 1438 1156 1478 minis
1194 1439 1523 1480 Germanicarum

113 1503 338 1544 cohortium
375 1504 563 1545 adfertur.
619 1503 776 1555 longius
815 1505 894 1543 iarn
934 1517 1163 1556 progressus
1203 1512 1285 1544 erat
1324 1519 1446 1557 quam
1481 1515 1525 1546 ut

113 1569 267 1621 regredi
302 1577 464 1623 posset3
509 1577 549 1610 et
591 1583 664 1610 suo
702 1571 872 1621 quisque
915 1577 1036 1619 metu,
1078 1583 1130 1610 ne
1168 1570 1356 1611 disiectos
1395 1585 1525 1623 eoque

113 1633 247 1675 minus
274 1633 428 1676 validos
456 1635 661 1675 Vitelliani
690 1642 1026 1685 consectarentur,
1055 1642 1312 1676 cunctantem
1345 1637 1385 1676 in
1415 1651 1525 1678 arma

113 1699 398 1754 impellebant:
427 1702 499 1742 sed
522 1702 635 1754 quod
664 1702 705 1741 in
733 1702 818 1741 eius
849 1701 959 1741 modi
988 1701 1107 1741 rebus
1133 1702 1290 1751 accidit,
1312 1703 1523 1744 consilium
1549 1718 1590 1742 10

113 1767 166 1808 ab
204 1767 393 1808 omnibus
431 1768 570 1808 datum
609 1774 679 1815 est,
722 1766 942 1818 periculum
981 1766 1098 1818 pauci
1137 1780 1352 1818 sumpsere.
1422 1769 1525 1809 circa

102 1834 246 1879 ‚lacum
286 1834 471 1874 Fundani
510 1832 850 1873 descendentibus
889 1832 958 1884 qui
998 1831 1192 1872 Sabinum
1231 1833 1526 1875 comitabantur

113 1898 275 1954 armatis
303 1906 517 1940 occurrunt
544 1897 831 1951 promptissimi
858 1897 1174 1938 Vitellianorum.
1234 1899 1439 1940 modicum
1470 1900 1526 1940 ibi

114 1964 310 2017 proelium
341 1963 557 2017 improviso
590 1965 777 2012 tumultu,
813 1964 884 2004 sed
917 1977 1150 2016 prosperum
1182 1964 1406 2006 Vitellianis
1440 1966 1524 2006 fuit.

114 2030 287 2072 Sabinus
318 2044 359 2070 re
397 2030 561 2082 trepida,
595 2031 706 2081 quod
737 2028 986 2077 ‚tutissimum
1020 2042 1044 2069 e
1073 2030 1359 2082 praesentibus,
1393 2045 1525 2072 arcem
1550 2047 1587 2081 15

72 2145 79 2153 ⁸
116 2095 305 2149 Capitolii
333 2095 480 2136 insedit
508 2095 633 2135 mixto
663 2094 787 2134 milite
816 2102 856 2134 et
885 2094 1127 2146 quibusdam
1158 2103 1387 2136 senatorum
1418 2097 1526 2149 equi-

119 2214 157 2236 η
181 2212 277 2236 suam
293 2200 346 2242 M,
361 2212 441 2234 corr.
458 2200 509 2233 M*
607 2210 646 2241 19
669 2199 741 2242 hic]
766 2200 845 2232 hinc
862 2199 987 2242 Haase,
1007 2200 1118 2233 Halm
1199 2212 1243 2234 20
1266 2203 1355 2235 inter
1371 2203 1524 2236 clausum

116 2247 160 2279 M
244 2246 336 2288 quod
352 2245 396 2277 M
496 2254 534 2277 21
562 2254 661 2276 sacra
677 2244 720 2275 M
804 2254 846 2275 22
871 2245 972 2276 rediit
988 2244 1064 2284 det„
1080 2245 1192 2277 Halm

160 2289 228 2332 69.
258 2299 273 2322 1
299 2289 403 2322 iurari
419 2288 463 2320 M
607 2299 628 2328 3
651 2288 866 2329 vespasianis
883 2288 926 2319 M
1054 2300 1075 2329 4
1099 2289 1279 2322 cecidisset
1295 2290 1324 2331 b,
1343 2291 1522 2332 Agricola:

115 2333 312 2368 cecississet
329 2333 373 2366 M
381 2345 388 2367 ε
413 2333 574 2366 cessisset
589 2332 633 2365 al.
774 2341 809 2363 11
837 2333 955 2373 paucis
971 2332 1021 2375 M,
1040 2343 1119 2365 corr.
1139 2333 1181 2365 M
1185 2333 1195 2353 ¹
1342 2344 1381 2375 13
1404 2337 1524 2368 armati

115 2378 273 2456 KraffM1
438 2387 476 2419 14
502 2377 711 2418 inprovisum
730 2375 780 2417 M,
797 2386 877 2409 corr.
895 2375 952 2408 M¹
1127 2386 1165 2418 15
1190 2378 1296 2420 quod]
1315 2389 1453 2420 quoque
1471 2380 1520 2421 M,

115 2433 198 2457 corr.
564 2435 567 2437 ·
