1748 2826
474 141 882 184 HISTORIARVM
914 141 1086 181 LIBER
1119 143 1176 179 IV
1467 142 1525 179 IV
1545 152 1589 188 31

120 255 282 298 Vitellio
315 256 567 296 desciscunt:
611 261 724 294 vetus
759 254 872 294 miles
906 254 1179 293 cunctabatur.
1238 254 1309 293 sed
1340 254 1526 304 adigente

121 320 359 363 Hordeonio
397 321 553 369 Flacco,
577 319 819 359 instantibus
858 318 1039 366 tribunis,
1080 318 1180 358 dixit
1219 326 1522 365 sacramentum,

119 400 203 426 non
227 387 339 431 vultu
364 398 495 437 neque
525 385 661 425 animo
692 385 785 425 satis
814 386 1054 425 adfirmans:
1086 392 1125 423 et
1153 397 1246 424 cum
1275 391 1407 423 cetera
1433 382 1525 422 iuris

119 451 274 493 iurandi
291 452 423 492 -verba
453 451 721 503 conciperent,
743 449 979 503 Vespasiani
1009 462 1158 490 nomen
1187 448 1428 489 haesitantes
1457 455 1526 487 aut
1549 465 1588 486 10

118 517 196 559 levi
224 531 424 558 murmure
453 524 493 558 et
522 518 757 569 plerumque
787 516 944 557 silentio
973 515 1304 555 transmittebant.

283 585 430 624 Lectae
462 582 610 624 deinde
640 596 712 634 pro
742 581 930 622 contione
962 581 1153 633 epistulae
1184 579 1352 620 Antonii
1381 581 1433 620 ad
1464 579 1526 621 Ci-
1545 590 1599 630 32

119 648 238 690 vilem
277 648 523 700 suspiciones
569 648 739 688 militum
779 648 997 695 inritavere,
1039 655 1244 699 tamquam
1283 647 1335 687 ad
1373 646 1526 686 socium

118 713 290 767 partium
328 713 495 766 scriptae
533 722 572 754 et
606 715 658 754 de
692 713 933 754 Germanico
966 712 1139 753 exercitu
1172 711 1375 751 hostiliter.
1435 724 1528 750 mox

118 771 273 820 adlatis*
294 779 523 820 Geldubam
558 778 599 819 in
633 786 759 818 castra
788 778 936 818 nuntiis
966 779 1108 818 eadem
1137 778 1244 818 dicta
1272 779 1467 828 factaque,
1489 785 1529 816 et

119 846 264 885 missus
302 857 395 884 cum
434 845 632 884 mandatis
671 846 893 884 Montanus
931 844 983 883 ad
1030 843 1198 884 Civilem
1238 850 1282 882 ut
1319 842 1528 882 absisteret
1547 859 1567 892 5

119 910 228 952 bello
258 923 359 951 neve
392 917 553 950 externa
585 911 705 949 armis
736 909 842 949 falsis
875 911 1044 950 velaret:
1089 908 1121 948 si
1152 907 1444 960 Vespasianum
1473 907 1529 947 iu-

119 989 212 1016 vare
230 976 440 1028 adgressus
459 977 571 1024 foret,
594 975 689 1015 satis
709 976 859 1015 factum
879 974 1042 1026 coeptis.
1101 975 1153 1014 ad
1174 987 1221 1014 ea
1241 973 1379 1015 Civilis
1398 972 1529 1026 primo

120 1040 287 1083 callide:
321 1048 412 1094 post
440 1040 510 1081 ubi
533 1040 642 1081 videt
670 1043 913 1080 Montanum
939 1041 1207 1092 praeferocem
1234 1039 1396 1091 ingenio
1421 1052 1530 1090 para-

120 1114 288 1160 tumque
321 1106 364 1148 in
396 1121 458 1148 res
492 1120 627 1156 novas,
664 1121 776 1148 orsus
805 1120 829 1147 a
859 1114 1002 1158 questu
1033 1105 1299 1158 periculisque
1327 1119 1431 1157 quae
1459 1119 1530 1157 per

52 1222 55 1224 ,
120 1172 300 1225 quinque
337 1180 378 1214 et
415 1172 552 1225 viginti
590 1186 718 1213 annos
762 1172 804 1213 in
848 1173 986 1213 castris
1029 1171 1226 1212 Romanis
1272 1170 1527 1220 exhausisset,
1552 1189 1593 1212 ιο

124 1236 371 1290 ‘egregium'
397 1237 526 1289 inquit
558 1237 750 1289 ‘pretium
779 1238 962 1278 laborum
991 1236 1134 1288 recepi,
1164 1250 1304 1277 necem
1335 1236 1462 1276 fratris
1489 1245 1528 1276 et

120 1301 285 1350 vincula,
307 1315 398 1343 mea
425 1310 465 1346 et
493 1302 741 1343 saevissimas
770 1302 888 1343 huius
918 1303 1111 1342 exercitus
1140 1315 1269 1350 voces,
1302 1301 1448 1353 quibus
1476 1303 1528 1342 ad

121 1366 361 1420 supplicium
387 1368 534 1419 petitus
563 1367 647 1408 iure
673 1367 852 1419 gentium
879 1380 1030 1420 poenas
1059 1380 1236 1419 reposco.
1295 1380 1365 1407 vos
1393 1373 1529 1406 autem

121 1433 274 1472 Treviri
299 1439 535 1485 ceteraeque
558 1432 813 1478 servientium
837 1432 1005 1483 animae,
1028 1433 1140 1486 quod
1168 1431 1389 1485 praemium
1417 1431 1528 1471 effusi

121 1496 268 1538 totiens
295 1497 499 1550 sanguinis
525 1499 742 1549 expectatis
766 1498 842 1538 nisi
869 1498 1061 1551 ingratam
1091 1497 1283 1547 militiam,
1303 1497 1530 1537 inmortalia
1553 1512 1591 1545 15

121 1561 282 1613 tributa,
300 1564 439 1615 virgas,
464 1562 613 1603 securis
642 1570 682 1604 et
710 1564 966 1604 dominorum
994 1563 1181 1616 ingenia?
1238 1575 1290 1604 en
1319 1576 1394 1614 ego
1423 1576 1531 1614 prae-

122 1627 250 1673 fectus
275 1627 395 1668 unius
423 1628 598 1668 cohortis
627 1635 668 1668 et
697 1628 982 1670 Canninefates
1012 1629 1244 1679 Batavique,
1274 1626 1414 1678 exigua
1440 1628 1531 1667 Gal-

122 1691 264 1733 liarum
309 1692 450 1745 portio,
498 1706 601 1733 vana
648 1692 714 1733 illa
761 1701 978 1733 castrorum
1027 1692 1154 1745 spatia
1199 1691 1421 1732 excidimus
1467 1693 1530 1732 vel

121 1765 259 1810 saepta
286 1759 390 1799 ferro
422 1758 609 1810 fameque
637 1760 866 1811 premimus.
923 1758 1099 1810 denique
1127 1771 1245 1798 ausos
1274 1765 1343 1797 aut
1370 1757 1529 1797 libertas

121 1830 310 1876 sequetur
334 1831 403 1864 aut
422 1823 516 1864 victi
541 1823 649 1864 idem
679 1823 851 1864 erimus.’
906 1825 962 1863 sic
992 1837 1219 1871 accensum,
1249 1823 1321 1863 sed
1349 1822 1530 1863 molliora
1552 1840 1594 1863 20

121 1890 266 1939 referre
292 1888 444 1930 iussum
473 1889 663 1930 dimittit:
691 1888 757 1929 ille
787 1897 830 1929 ut
860 1889 999 1930 inritus
1028 1888 1237 1941 legationis
1265 1889 1377 1937 redit,
1400 1895 1530 1928 cetera

121 1953 389 2004 dissimulans,
418 1967 522 2007 quae
552 1969 646 1996 mox
673 1967 851 2006 erupere,

284 2018 423 2066 Civilis
461 2028 572 2072 parte
606 2019 812 2072 copiarum
845 2028 998 2061 retenta
1037 2027 1241 2061 veteranas
1280 2017 1456 2058 cohortis
1491 2025 1530 2058 et
1548 2028 1602 2067 33

122 2086 235 2139 quod
259 2098 285 2126 e
309 2085 520 2127 Germanis
546 2084 719 2126 maxime
744 2094 975 2138 promptum
995 2086 1183 2129 adversus
1203 2085 1401 2124 Voculam
1426 2097 1531 2123 exer-

121 2151 329 2204 citumque
356 2150 442 2192 eius
468 2150 600 2200 mittit,
631 2151 736 2191 Iulio
763 2151 943 2192 Maximo
969 2158 1009 2192 et
1036 2150 1209 2194 Claudio
1229 2148 1403 2197 Victore,
1427 2161 1531 2188 soro·

126 2266 164 2290 11
189 2253 442 2289 transmittebat
456 2254 506 2295 M,
524 2265 603 2288 corr.
621 2253 664 2286 M
666 2255 678 2276 ¹

168 2306 227 2342 32.
254 2310 275 2339 4
298 2299 471 2340 gelduban
488 2298 531 2331 M
660 2309 680 2340 5
703 2298 882 2341 absilstere
899 2298 941 2331 M
1070 2299 1092 2330 6
1115 2309 1210 2330 arma
1226 2296 1362 2340 Lipsius
1490 2305 1526 2327 11

123 2341 232 2385 recipi
247 2342 292 2376 M
437 2353 475 2385 17
500 2352 658 2375 cannene
674 2343 761 2375 sates
777 2342 826 2385 M,
844 2342 909 2376 vid.
930 2353 958 2377 c.
980 2352 1018 2384 ¹5
1154 2343 1194 2375 18
1218 2342 1425 2374 exscidimus
1441 2340 1531 2373 tacite

123 2387 236 2421 Halm
367 2397 407 2419 21
434 2387 535 2419 rediit
549 2386 739 2420 Rhenanus

168 2437 228 2474 33·
251 2440 275 2472 3
296 2431 444 2465 victores
458 2430 507 2473 M,
525 2441 605 2464 corr.
624 2430 681 2464 M¹
