1748 2826
440 135 849 176 HISTORIARVM
880 134 1052 174 LIBER
1082 133 1144 174 IV
1430 131 1490 169 IV
1510 138 1555 168 21

82 250 244 302 perfuga
269 250 444 289 Batavus
468 246 673 288 arbitrium
703 259 834 287 rerum
864 248 1139 287 Romanarum
1170 258 1220 284 ne
1249 250 1393 295 ageret,
1419 242 1490 282 sed

83 314 242 355 meritas
274 314 433 355 sceleris
471 326 622 365 poenas
662 319 900 364 expectaret.
958 324 1063 362 quae
1096 310 1166 350 ubi
1200 311 1323 349 relata
1359 306 1488 355 Civili,
1515 322 1554 345 10

82 379 272 420 incensus
305 378 362 418 ira
399 377 624 419 universam
659 379 900 417 Batavorum
934 384 1095 428 gentem
1134 376 1175 414 in
1214 387 1324 415 arma
1362 374 1491 424 rapit;

82 443 299 497 iunguntur
324 443 504 484 Bructeri
523 442 792 494 Tencterique
808 449 847 482 et
867 441 995 482 excita
1021 440 1173 480 nuntiis
1194 439 1412 480 Germania
1437 439 1490 478 ad

81 510 271 563 praedam
291 510 532 561 famamque.

244 577 447 616 Adversus
486 576 558 614 has
597 573 869 614 concurrentis
916 574 1011 613 belli
1046 571 1174 612 minas
1214 570 1332 623 legati
1371 569 1491 621 legio·
1511 578 1564 607 αα

81 654 179 684 num
219 640 387 682 Munius
423 642 628 693 Lupercus
667 646 707 681 et
746 638 954 680 Numisius
989 638 1119 678 Rufus
1153 638 1302 677 vallum
1341 648 1492 676 muros-

81 719 161 760 que
200 706 422 756 firmabant.
479 706 668 746 subversa
705 707 847 757 longae
886 703 994 756 pacis
1029 710 1161 755 opera,
1200 703 1310 743 haud
1350 703 1491 754 procul

14 787 18 790 ·
81 771 218 814 castris
255 773 298 813 in
332 773 500 813 modum
539 770 747 823 municipii
780 777 967 819 extructa,
1003 783 1055 809 ne
1089 768 1272 809 hostibus
1307 769 1396 808 usui
1436 768 1492 807 fo-

13 883 19 897 s
81 845 180 879 rent.
237 839 310 879 sed
338 851 479 890 parum
514 836 716 889 provisum
750 843 794 876 ut
825 835 965 887 copiae
999 834 1040 875 in
1069 842 1196 874 castra
1224 835 1492 875 conveheren-
1512 848 1531 881 5

8 916 17 934 ν’
81 910 145 944 tur
157 917 170 953 ς
201 902 287 955 rapi
315 903 552 955 permisere:
593 903 648 942 ita
676 901 814 954 paucis
840 901 983 941 diebus
1011 913 1080 952 per
1103 899 1306 940 licentiam
1332 900 1492 939 absum-

81 975 151 1021 pta
189 975 280 1008 sunt
309 980 414 1019 quae
444 969 633 1008 adversus
666 966 922 1007 necessitates
955 965 996 1005 in
1030 967 1194 1017 longum
1229 964 1489 1006 suffecissent.

82 1032 221 1076 Civilis
241 1033 421 1075 medium
441 1047 584 1086 agmen
605 1047 699 1073 cum
718 1033 862 1072 robore
878 1034 1118 1071 Batavorum
1139 1030 1327 1071 obtinens
1347 1038 1492 1071 utram-

81 1111 162 1151 que
189 1098 325 1139 Rheni
353 1098 494 1151 ripam,
526 1112 609 1151 quo
637 1097 897 1138 truculentior
926 1097 1012 1137 visu
1046 1098 1159 1146 foret,
1195 1097 1491 1138 Germanorum

81 1164 249 1206 catervis
288 1166 475 1217 complet,
508 1166 736 1205 adsultante
768 1177 839 1216 per
877 1176 1041 1215 campos
1081 1162 1215 1214 equite
1229 1176 1241 1211 3
1269 1162 1388 1202 simul
1426 1175 1492 1202 na·
1517 1179 1556 1202 ιο

15 1249 21 1252 >
81 1242 149 1270 ves
169 1229 209 1270 in
229 1230 440 1271 adversum
464 1243 626 1270 amnem
652 1229 881 1281 agebantur.
943 1227 1036 1268 hinc
1056 1235 1331 1268 veteranarum
1356 1229 1493 1267 cohor-

81 1296 182 1336 tium
217 1296 340 1349 signa,
377 1295 474 1337 inde
506 1297 769 1348 depromptae
803 1294 910 1335 silvis
944 1295 1125 1346 lucisque
1159 1295 1329 1334 ferarum
1359 1293 1493 1345 imagi-

81 1377 165 1414 nes,
188 1370 233 1404 ut
261 1362 408 1415 cuique
434 1363 543 1414 genti
571 1361 670 1402 inire
695 1361 890 1415 proelium
920 1374 1008 1400 mos
1038 1367 1108 1409 est,
1132 1359 1254 1399 mixta
1280 1358 1375 1399 belli
1402 1359 1494 1399 civi-

81 1428 130 1469 lis
162 1427 395 1480 externique
428 1427 528 1468 facie
561 1427 911 1480 obstupefecerant
946 1427 1143 1467 obsessos.
1202 1433 1241 1465 et
1276 1439 1388 1477 spem
1424 1426 1493 1465 ob·

81 1494 348 1550 pugnantium
371 1494 543 1547 augebat
573 1493 796 1547 amplitudo
818 1493 921 1543 valli,
943 1495 1054 1545 quod
1083 1491 1241 1532 duabus
1267 1491 1492 1543 legionibus
1518 1507 1558 1540 15

83 1560 204 1601 situm
230 1560 294 1601 vix
323 1561 504 1613 quinque
530 1561 641 1601 milia
664 1568 907 1601 armatorum
941 1562 1219 1600 Romanorum
1251 1559 1468 1598 tuebantur
1482 1573 1494 1607 ,-

83 1628 155 1667 sed
180 1627 348 1668 lixarum
375 1626 594 1667 multitudo
621 1627 779 1667 turbata
807 1639 906 1677 pace
934 1625 1026 1664 illuc
1053 1631 1292 1676 congregata
1319 1631 1358 1664 et
1385 1624 1493 1664 bello

83 1691 263 1733 ministra
281 1693 431 1733 aderat.

247 1760 342 1798 Pars
394 1766 614 1799 castrorum
666 1758 707 1798 in
760 1759 904 1798 collem
955 1757 1096 1796 leniter
1149 1768 1352 1807 exurgens,
1404 1769 1494 1807 pars
1514 1765 1567 1804 23

83 1837 216 1876 aequo
235 1824 430 1865 adibatur.
489 1824 639 1877 quippe
663 1823 739 1863 illis
763 1822 940 1863 hibernis
969 1821 1143 1862 obsideri
1167 1821 1375 1873 premique
1396 1822 1495 1861 Ger-

84 1889 237 1929 manias
266 1891 472 1941 Augustus
502 1890 736 1939 crediderat,
770 1902 903 1940 neque
932 1902 1124 1939 umquam
1156 1887 1197 1927 id
1228 1888 1422 1927 malorum
1450 1894 1494 1926 ut

84 1954 361 2006 obpugnatum
395 1957 499 1996 ultro
530 1956 707 2008 legiones
740 1963 894 1995 nostras
922 1954 1129 2003 venirent3
1168 1953 1262 1993 inde
1289 1967 1372 1992 non
1401 1953 1494 1992 loco

129 2067 179 2094 21.
204 2071 227 2102 9
249 2060 410 2092 arbitrum
427 2059 488 2094 det.
506 2060 652 2093 secunda
667 2071 786 2103 manu,
806 2059 1014 2091 Puteolanus
1084 2068 1304 2090 romanorum
1321 2057 1364 2088 M
1452 2067 1492 2089 10

85 2104 206 2138 merita
222 2103 266 2136 M
372 2114 408 2136 11
435 2111 529 2136 arma
544 2104 593 2145 M,
613 2115 694 2137 corr.
713 2104 756 2136 M
760 2104 770 2124 ¹

128 2155 186 2180 22.
216 2158 231 2179 1
258 2148 498 2188 consurgentis
527 2147 730 2180 Cornelissen
760 2147 830 2179 coll.
862 2147 950 2179 Aen.
980 2146 1049 2178 viii.
1078 2148 1142 2186 637
1276 2155 1296 2184 3
1321 2144 1423 2184 longe
1455 2144 1498 2177 M

84 2201 106 2233 5
129 2197 167 2224 ut
191 2191 346 2233 Lipsius:
375 2191 418 2234 vi}
444 2191 487 2223 M
625 2193 646 2223 8
669 2192 842 2231 utrimque
866 2189 1001 2232 Lzspsius
1137 2200 1177 2220 12
1200 2189 1344 2229 luusque
1369 2188 1417 2228 M,
1449 2188 1497 2220 ad

84 2235 175 2268 hunc
194 2245 329 2268 versum
345 2245 451 2267 recens
470 2246 597 2268 manus
614 2235 702 2267 duas
722 2235 845 2267 litteras
867 2235 903 2266 in
922 2234 1076 2275 margine
1098 2232 1235 2274 addidit,
1255 2243 1342 2274 quas
1358 2236 1398 2263 ut
1410 2232 1442 2263 d.
1460 2242 1491 2263 a.

84 2279 135 2312 ¹21.
152 2278 293 2311 ‘desunt
308 2278 446 2320 aliqua,’
457 2278 648 2311 dubitanter
660 2283 782 2318 tamen,
798 2279 1029 2318 interpretatus
1044 2281 1092 2309 est
1106 2277 1234 2309 Mez'ser.
1284 2279 1323 2308 ut
1338 2276 1369 2307 d.
1386 2277 1416 2307 d.
1436 2286 1494 2317 ego

81 2323 197 2366 potius
224 2322 348 2355 litteras
364 2322 563 2365 interpretor,
582 2327 612 2355 et
625 2327 708 2355 sunt
720 2326 782 2355 aut
795 2322 866 2354 stili
878 2324 1122 2353 tentamentum
1146 2325 1208 2352 aut
1220 2321 1398 2352 verborum
1419 2317 1496 2350 inde

84 2365 125 2399 dc
137 2366 236 2408 quasa·
249 2365 391 2409 repeea‘tnb
490 2376 529 2408 13
552 2366 642 2399 civili
658 2366 702 2399 M
775 2401 777 2405 ,
804 2367 844 2398 16
869 2365 1102 2398 Romanorum
1118 2376 1183 2397 om.
1203 2363 1276 2405 det„
1295 2363 1491 2402 Rhenanus,

85 2410 240 2444 Heraeus

131 2460 188 2496 23.
212 2464 233 2486 2
255 2454 393 2496 fimique
409 2453 452 2487 M
497 2455 501 2458 ’
