1748 2826
476 121 885 162 HISTORIARVM
916 122 1088 160 LIBER
1119 122 1139 160 1
1488 123 1508 161 1
1528 131 1578 171 19

98 236 309 277 factumve.
367 232 631 274 crebrioribus
664 231 706 272 in
737 232 823 272 dies
855 231 1117 272 Germanicae
1148 232 1385 272 defectionis
1414 245 1512 271 nun-

98 299 164 341 tiis
191 306 232 341 et
257 299 365 340 facili
393 298 551 339 civitate
579 299 632 338 ad
660 297 894 349 accipienda
922 298 1204 348 credendaque
1232 297 1368 338 omnia
1395 310 1500 337 nova

98 378 192 406 cum
211 363 337 405 tristia
357 371 463 413 sunt,
483 369 721 404 censuerant
748 369 878 415 patres
903 362 1120 402 mittendos
1149 363 1201 402 ad
1228 362 1512 403 Germanicum

98 429 315 471 exercitum
347 430 508 481 legatos.
567 429 758 479 agitatum
790 434 942 467 secreto
975 441 1073 467 num
1102 434 1143 467 et
1171 426 1265 467 Piso
1292 427 1513 479 proficisce-
1536 438 1576 461 10

35 544 39 550 ἡ
98 501 214 543 retur,
248 493 397 534 maiore
430 500 646 546 praetextu,
678 492 735 532 illi
767 491 1042 532 auctoritatem
1077 499 1248 541 senatus,
1281 492 1347 531 hic
1381 493 1514 544 digna-

99 559 252 600 tionem
273 557 454 600 Caesaris
473 559 633 598 laturus.
692 557 876 610 placebat
896 563 936 597 et
962 558 1167 597 Laconem
1193 557 1377 609 praetorii
1406 572 1513 609 prae-

99 626 250 666 fectum
287 623 405 664 simul
444 623 570 663 mitti:
621 622 654 663 is
691 622 860 663 consilio
898 622 1133 662 intercessit.
1199 624 1317 674 legati
1351 637 1514 675 quoque

99 690 213 745 (nam
241 697 403 731 senatus
432 688 671 730 electionem
701 688 855 729 Galbae
881 688 1130 743 permiserat)
1150 690 1269 729 foeda
1289 689 1514 729 inconstan-

99 757 155 797 tia
172 755 380 805 nominati,
410 755 599 806 excusati,
619 754 833 804 substituti,
855 754 1009 795 ambitu
1036 754 1269 795 remanendi
1288 762 1357 794 aut
1375 755 1510 803 eundi,
1535 764 1574 797 15

99 828 144 862 ut
162 834 366 874 quemque
384 828 515 861 metus
535 822 598 861 vel
618 833 708 872 spes
727 820 948 872 impulerat.

265 885 450 927 Proxima
477 885 672 938 pecuniae
698 898 820 935 cura3
852 892 892 926 et
921 892 1066 926 cuncta
1092 885 1359 926 scrutantibus
1386 885 1512 925 iustis·
1530 899 1586 928 20

100 952 247 994 simum
274 952 404 993 visum
433 959 493 993 est
520 952 616 993 inde
644 951 768 1004 repeti
797 951 867 991 ubi
896 951 1055 1003 inopiae
1083 965 1203 991 causa
1232 959 1325 992 erat.
1383 951 1445 991 bis
1474 959 1514 992 et

100 1017 251 1058 viciens
284 1017 442 1058 miliens
471 1016 696 1058 sestertium
727 1016 1014 1057 donationibus
1049 1018 1158 1057 Nero
1192 1018 1407 1058 effuderat:
1450 1030 1516 1068 ap-

100 1082 239 1136 pellari
268 1082 444 1135 singulos
472 1082 597 1131 iussit,
627 1082 785 1123 decima
819 1089 930 1134 parte
959 1082 1204 1122 liberalitatis
1237 1084 1346 1135 apud
1380 1096 1515 1134 quem-

100 1161 181 1201 que
217 1161 356 1189 eorum
393 1147 540 1188 relicta.
615 1155 658 1188 at
704 1147 780 1188 illis
822 1148 886 1188 vix
931 1147 1112 1188 decimae
1157 1161 1276 1200 super
1312 1148 1515 1200 portiones
1537 1163 1555 1196 5

100 1219 222 1262 erant,
253 1212 382 1253 isdem
410 1225 503 1264 erga
534 1212 665 1253 aliena
698 1212 924 1264 sumptibus
955 1212 1101 1264 quibus
1134 1226 1205 1253 sua
1238 1215 1517 1266 prodegerant‚

100 1291 193 1319 cum
221 1277 477 1330 rapacissimo
505 1277 651 1330 cuique
682 1291 730 1318 ac
758 1277 1028 1330 perditissimo
1060 1292 1142 1319 non
1171 1279 1252 1331 agri
1279 1286 1350 1319 aut
1377 1281 1516 1320 faenus

100 1344 172 1384 sed
202 1344 288 1383 sola
324 1342 588 1383 instrumenta
623 1342 809 1383 vitiorum
848 1351 1064 1384 manerent.
1123 1344 1320 1385 exactioni
1358 1345 1516 1396 triginta

99 1407 254 1461 equites
284 1407 461 1448 Romani
488 1408 713 1461 praepositi,
736 1422 887 1449 novum
916 1409 1036 1449 officii
1063 1423 1188 1462 genus
1217 1417 1257 1450 et
1284 1410 1439 1451 ambitu
1468 1425 1516 1451 ac

99 1486 268 1514 numero
297 1486 537 1514 onerosum:
580 1473 731 1525 ubique
763 1475 876 1514 hasta
909 1481 948 1514 et
977 1482 1116 1524 sector,
1145 1482 1185 1516 et
1213 1475 1392 1528 inquieta
1420 1478 1515 1518 urbs
1537 1492 1576 1515 10

99 1539 337 1580 actionibus.
393 1551 442 1578 ac
472 1546 608 1578 tamen
640 1540 790 1590 grande
823 1539 1013 1591 gaudium
1051 1541 1163 1591 quod
1201 1548 1283 1580 tam
1320 1555 1514 1594 pauperes

100 1605 230 1645 forent
254 1603 401 1657 quibus
430 1605 619 1645 donasset
646 1606 756 1645 Nero
780 1618 901 1656 quam
930 1605 1076 1656 quibus
1104 1605 1342 1647 abstulisset.
1401 1621 1516 1648 exau-

99 1668 240 1711 ctorati
269 1682 341 1722 per
372 1683 442 1710 eos
472 1670 559 1711 dies
590 1670 750 1720 tribuni,
781 1684 804 1710 e
832 1670 1030 1722 praetorio
1058 1671 1260 1711 Antonius
1288 1674 1444 1713 Taurus
1475 1681 1515 1714 et

100 1734 302 1776 Antonius
339 1735 463 1785 Naso,
492 1749 542 1776 ex
574 1736 736 1776 urbanis
770 1736 1001 1776 cohortibus
1032 1736 1227 1777 Aemilius
1260 1739 1460 1788 Pacensis,
1492 1753 1515 1779 e

99 1799 284 1852 vigilibus
304 1800 431 1842 Iulius
451 1803 614 1842 Fronto.
664 1815 740 1842 nec
761 1802 983 1842 remedium
1003 1802 1046 1841 in
1065 1810 1218 1843 ceteros
1237 1803 1320 1852 fuit,
1343 1806 1415 1845 sed
1435 1819 1514 1845 me·
1536 1817 1575 1851 15

38 1880 40 1882 ·
101 1871 165 1907 tus
195 1864 366 1915 initium,
397 1873 603 1918 tamquam
633 1880 703 1919 per
735 1874 860 1907 artem
894 1875 933 1907 et
966 1868 1178 1909 formidine
1215 1868 1359 1921 singuli
1396 1871 1514 1921 pelle-

100 1935 245 1979 rentur,
275 1931 464 1972 omnibus
492 1932 697 1984 suspectis.

265 1996 424 2037 Interea
465 1996 684 2045 Othonem,
723 1997 788 2036 cui
827 1997 1058 2049 compositis
1096 1999 1213 2038 rebus
1256 2001 1366 2039 nulla
1407 2014 1510 2052 spes,
1532 2011 1576 2041 21

103 2109 123 2141 7
148 2099 245 2133 Indie
264 2099 308 2132 M
454 2111 492 2134 11
517 2107 698 2144 praetextu
730 2100 813 2134 Ml:
845 2107 1026 2144 praetextu
1058 2103 1120 2136 M:
1154 2108 1334 2146 praetexto
1366 2103 1511 2145 Pl'ii'lfflzn

102 2143 160 2176 ille
175 2142 219 2176 M
351 2153 390 2185 13
413 2145 469 2178 his
485 2146 528 2177 M
653 2156 692 2187 15
716 2148 869 2179 excusati
887 2146 930 2179 M
939 2147 951 2168 ¹
966 2158 974 2180 ε
998 2147 1172 2181 excusatis
1186 2146 1231 2179 M

146 2194 210 2222 20.
233 2197 256 2228 3
279 2186 391 2220 milies
407 2187 566 2231 Lipffl'us:
589 2189 683 2222 mille
700 2189 743 2221 M
880 2202 901 2231 4
926 2190 1035 2223 Galba
1051 2191 1150 2224 iussit
1166 2191 1276 2224 Ritter
1420 2202 1442 2233 5
1465 2191 1512 2224 illi

102 2229 147 2263 M
229 2231 254 2264 8
275 2232 445 2265 exactioni
462 2233 505 2265 M
511 2233 523 2253 ¹
537 2245 545 2266 ε
569 2234 757 2266 exactionis
772 2233 816 2265 M
900 2235 1147 2276 quinquaginta
1163 2235 1308 2269 malebat
1323 2234 1515 2268 Lambinus

102 2285 144 2308 ex
157 2273 252 2309 Suet.
269 2274 377 2309 Galba
396 2286 436 2318 ¹5
572 2288 608 2310 11
635 2277 848 2310 auctionibus
863 2276 924 2311 det.
944 2278 979 2310 in
995 2279 1157 2321 margine,
1178 2279 1374 2320 Rhenanus,
1395 2278 1516 2312 Ma‘ser

106 2328 147 2351 ra
170 2319 360 2352 donassent
384 2319 434 2362 M,
459 2331 483 2353 n
499 2322 634 2363 punctis
659 2322 786 2354 notavit
801 2320 844 2353 M
851 2321 864 2341 ²
1011 2331 1050 2363 13
1074 2328 1193 2355 taurus
1217 2322 1259 2355 Μ
1264 2323 1295 2356 ¹:
1335 2328 1451 2355 tauros
1474 2322 1514 2354 M

105 2363 352 2438 ¹⁴1va2i1gffibu⁵
379 2363 419 2396 M
428 2364 463 2397 ¹:
500 2366 656 2404 evigilius
684 2366 725 2398 M
880 2367 922 2398 16
943 2366 1125 2399 formidine
1152 2366 1327 2400 Heraeus:
1360 2366 1512 2400 formidi—

104 2417 149 2440 ne
