1748 2826
179 149 238 186 IV
262 150 317 197 76
711 154 988 194 CORNELII
1019 157 1214 197 TACITI

262 262 462 313 Lingonas
491 264 770 304 benevolentia
795 265 1012 306 contineri:
1042 276 1309 320 resumpturos
1337 284 1456 319 arma,
1483 270 1554 312 ubi
1577 285 1654 312 me-

260 334 322 366 tus
352 327 597 369 abscesserit.
654 329 812 369 diremit
845 331 1099 372 consiliorum
1137 334 1402 376 diversitatem
1435 337 1655 388 adprobata

258 393 419 433 Tutoris
438 393 636 434 sententia
655 395 863 444 Classicus,
886 396 1097 448 statimque
1116 407 1372 450 exequuntur.

189 464 238 504 77
423 459 562 499 Media
589 459 694 499 acies
724 460 839 500 Vbiis
869 461 1197 514 Lingonibusque
1219 466 1312 504 data
1325 479 1338 514 ;
1365 466 1504 506 dextro
1529 479 1654 507 cornu

258 524 441 563 cohortes
462 526 712 573 Batavorum,
736 525 895 566 sinistro
912 528 1091 567 Bructeri
1111 529 1386 582 Tencterique.
1435 545 1524 583 pars
1544 546 1655 572 mon-

257 588 374 638 tibus,
427 588 494 628 alii
540 591 643 630 viam
690 589 792 630 inter
843 593 1135 644 Mosellamque
1181 596 1331 635 flumen
1376 603 1459 636 tam
1511 596 1655 649 impro-

258 653 330 692 visi
349 654 545 695 adsiluere
573 662 617 694 ut
642 654 685 694 in
713 655 902 695 cubiculo
928 670 977 697 ac
1003 659 1151 697 lectulo
1179 659 1344 700 Cerialis
1370 661 1521 714 (neque
1545 662 1652 703 enim

220 731 238 763 5
257 725 418 758 noctem
446 718 489 758 in
517 719 652 759 castris
678 720 827 773 egerat)
855 722 1020 774 pugnari
1048 723 1165 762 simul
1191 724 1375 777 vincique
1402 739 1497 768 suos
1521 727 1654 768 audie-

257 785 316 832 rit,
338 784 546 835 increpans
574 798 762 837 pavorem
790 787 1072 837 nuntiantium,
1096 790 1227 829 donec
1251 789 1433 831 universa
1458 793 1592 832 clades
1611 792 1654 832 in

255 848 381 888 oculis
418 848 518 889 fuit:
556 859 741 902 perrupta
778 851 978 903 legionum
1013 861 1147 903 castra,
1184 854 1261 894 fusi
1293 855 1459 907 equites,
1495 857 1652 898 medius

257 915 450 954 Mosellae
481 928 594 967 pons,
631 915 701 967 qui
734 916 919 956 ulteriora
951 918 1131 958 coloniae
1163 920 1352 969 adnectit,
1382 921 1435 961 ab
1468 921 1652 963 hostibus

255 977 437 1019 insessus.
498 979 663 1021 Cerialis
689 981 856 1021 turbidis
883 982 1000 1022 rebus
1027 982 1246 1035 intrepidus
1267 992 1306 1024 et
1325 985 1510 1037 fugientis
1529 1000 1651 1028 manu

198 1058 237 1080 10
254 1044 465 1093 retrahens,
496 1044 647 1085 intecto
675 1059 840 1097 corpore
873 1054 1079 1098 promptus
1115 1047 1216 1088 inter
1244 1051 1332 1098 tela,
1365 1050 1470 1090 felici
1498 1051 1652 1092 temeri-

254 1116 333 1148 tate
352 1117 391 1149 et
411 1110 611 1151 fortissimi
635 1110 828 1163 cuiusque
854 1113 1023 1151 adcursu
1049 1112 1308 1164 reciperatum
1334 1122 1499 1167 pontem
1523 1117 1651 1156 electa

254 1187 374 1213 manu
413 1176 591 1215 firmavit.
650 1189 742 1215 mox
779 1176 821 1215 in
859 1184 986 1217 castra
1023 1191 1200 1218 reversus
1239 1181 1407 1230 palantis
1446 1179 1649 1233 captarum

252 1241 360 1290 apud
390 1240 632 1281 Novaesium
664 1243 927 1293 Bonnamque
959 1241 1159 1293 legionum
1194 1243 1418 1295 manipulos
1449 1253 1490 1285 et
1519 1259 1649 1286 rarum

251 1305 359 1356 apud
379 1306 489 1357 signa
514 1306 679 1346 militem
707 1320 754 1346 ac
783 1321 906 1358 prope
933 1307 1220 1348 circumventas
1245 1309 1395 1360 aquilas
1417 1310 1535 1351 videt.
1593 1311 1650 1352 in-

194 1386 231 1418 15
252 1383 394 1410 census
429 1371 484 1410 ira
518 1375 620 1411 ‘non
655 1373 866 1412 Flaccum'
897 1372 1036 1424 inquit,
1076 1376 1179 1413 ‘non
1215 1375 1411 1414 Voculam
1442 1375 1648 1417 deseritis:

251 1437 361 1475 nulla
379 1437 444 1475 hic
464 1436 635 1488 proditio
652 1451 662 1486 3
691 1451 821 1488 neque
841 1437 949 1477 aliud
964 1439 1233 1477 excusandum
1253 1438 1383 1479 habeo
1398 1452 1518 1490 quam
1537 1442 1648 1491 quod

250 1514 321 1540 vos
360 1501 501 1541 Gallici
540 1502 707 1541 foederis
747 1502 890 1542 oblitos
936 1502 1083 1543 redisse
1121 1503 1162 1542 in
1200 1504 1432 1543 memoriam
1473 1505 1648 1545 Romani

251 1568 485 1606 sacramenti
524 1573 671 1606 temere
710 1566 870 1606 credidi.
929 1568 1220 1608 adnumerabor
1259 1568 1450 1608 Numisiis
1488 1576 1528 1608 et
1566 1571 1647 1609 He-

250 1632 406 1680 renniis,
443 1639 486 1671 ut
517 1644 656 1671 omnes
685 1631 801 1683 legati
829 1631 946 1671 vestri
979 1640 1047 1672 aut
1076 1632 1244 1672 militum
1273 1633 1457 1673 manibus
1483 1641 1552 1674 aut
1579 1635 1648 1675 ho-

192 1716 231 1737 20
251 1698 369 1738 stium
393 1697 617 1737 ceciderint.
678 1697 740 1746 ite,
773 1699 952 1737 nuntiate
974 1699 1221 1749 Vespasiano
1246 1700 1320 1747 vel,
1351 1700 1461 1750 quod
1485 1700 1646 1752 propius
1692 1710 1694 1713 ·

250 1771 320 1812 est,
352 1763 468 1804 Civili
498 1770 536 1802 et
571 1762 759 1811 Classico,
791 1764 970 1802 relictum
998 1777 1022 1802 a
1055 1763 1167 1803 vobis
1193 1763 1234 1802 in
1268 1763 1353 1804 acie
1385 1765 1555 1804 ducem:
1585 1778 1647 1804 ve-

249 1829 360 1867 nient
388 1828 562 1880 legiones
592 1841 694 1879 quae
724 1841 854 1879 neque
883 1842 947 1868 me
977 1829 1145 1869 inultum
1174 1843 1305 1881 neque
1330 1843 1400 1870 vos
1429 1830 1646 1882 impunitos

249 1893 470 1944 patiantur.'

180 1961 230 2009 78
410 1960 514 1997 Vera
549 1965 669 2007 erant,
707 1966 745 1998 et
776 1972 799 1998 a
833 1958 1000 1999 tribunis
1039 1959 1323 2011 praefectisque
1361 1960 1502 2000 eadem
1541 1962 1646 2013 inge-

249 2024 445 2063 rebantur.
503 2025 723 2062 consistunt
750 2037 819 2075 per
845 2024 1018 2064 cohortis
1038 2032 1077 2064 et
1104 2024 1326 2076 manipulos
1340 2039 1352 2074 3
1379 2038 1512 2076 neque
1536 2025 1644 2066 enim

250 2095 401 2139 poterat
431 2095 630 2138 patescere
664 2089 768 2128 acies
804 2090 928 2128 effuso
962 2091 1076 2129 hoste
1105 2097 1143 2130 et
1177 2090 1485 2141 impedientibus
1519 2097 1644 2132 tento-

249 2204 290 2224 22
313 2193 541 2225 benivolentia
558 2193 599 2223 M
732 2204 774 2234 23
800 2194 996 2226 diversitate
1013 2194 1062 2234 M,
1081 2199 1183 2236 supra
1200 2205 1219 2226 e
1235 2193 1348 2226 addita
1365 2198 1443 2226 nota
1459 2195 1561 2227 nesab
1577 2206 1644 2236 qua

248 2237 468 2278 adprobatam
485 2236 528 2267 M
659 2247 700 2277 24
726 2237 888 2268 classibus
909 2237 958 2278 M,
978 2238 1053 2269 item
1070 2247 1097 2270 c.
1116 2248 1158 2277 79

292 2287 347 2321 77.
369 2290 389 2320 3
405 2280 461 2311 alii
480 2280 527 2311 bis
543 2280 591 2320 M,
611 2280 815 2320 litteramque
829 2291 858 2320 a,
877 2283 917 2312 ut
930 2279 1065 2321 videtur,
1084 2281 1173 2312 intra
1186 2280 1246 2321 ualii
1263 2281 1320 2312 alii
1338 2280 1396 2313 del.
1413 2280 1492 2313 M1:
1517 2281 1572 2314 alii
1587 2282 1642 2314 via

247 2324 303 2355 alii
314 2324 440 2365 Meiser,
457 2323 566 2355 Halm
642 2324 804 2363 inprovisi
818 2323 974 2365 Agricola
989 2335 996 2354 ι
1021 2323 1244 2364 inprovisaM
1255 2335 1262 2356 :
1286 2325 1458 2364 inproviso
1468 2324 1642 2356 Db'derlez’n

247 2369 267 2398 8
291 2367 451 2399 mosallae
469 2367 511 2398 M
643 2378 678 2398 11
706 2366 849 2398 elelecta
864 2367 908 2399 M
1036 2377 1075 2407 13
1093 2367 1281 2408 bonamque
1297 2367 1341 2399 M
1441 2378 1479 2408 17
1503 2368 1639 2411 gallicis}

248 2411 297 2450 M,
312 2422 391 2443 corr.
410 2410 453 2442 M
454 2410 467 2431 ¹
557 2411 686 2443 redisse
702 2411 737 2442 in
752 2410 913 2453 Lipsius:
935 2411 1163 2453 praedixerim
1182 2410 1224 2442 M

1740 257 1748 307 ἓ
