1748 2826
212 153 272 192 IV
288 152 340 200 85
408 152 684 191 CORNELII
714 150 909 190 TACITI
941 149 1343 188 HISTORIARVM
1374 149 1545 187 LIBER
1573 148 1634 187 IV

288 263 607 302 interventurum.
666 260 698 300 si
727 267 851 300 status
881 259 1033 311 imperii
1061 266 1129 298 aut
1157 260 1262 299 salus
1291 257 1508 298 Galliarum
1535 256 1576 297 in
1605 257 1682 298 dis-

288 326 450 366 crimine
478 333 707 374 verteretur,
735 324 922 365 debuisse
954 325 1166 365 Caesarem
1203 323 1245 363 in
1276 322 1362 364 acie
1395 329 1509 370 stare,
1538 321 1683 362 Canni-

288 390 428 431 nefatis
458 392 710 440 Batavosque
742 388 963 428 minoribus
992 388 1162 428 ducibus
1191 387 1456 438 delegandos:
1493 385 1579 436 ipse
1607 386 1684 425 Lu-

288 456 438 506 guduni
472 454 550 494 vim
590 456 867 504 fortunamque
901 452 1140 504 principatus
1179 466 1201 492 e
1239 453 1418 504 proximo
1455 456 1682 497 ostentaret,

232 541 269 574 15
290 533 364 559 nee
383 521 510 570 parvis
530 518 714 570 periculis
734 518 934 558 immixtus
954 524 994 557 et
1013 516 1229 556 maioribus
1245 529 1328 556 non
1348 516 1565 556 defuturus.

218 596 273 635 86
454 585 788 635 Intellegebantur
817 590 929 630 artes,
961 583 1033 622 sed
1067 595 1154 632 pars
1183 579 1365 631 obsequii
1392 579 1434 619 in
1461 592 1512 620 eo
1539 591 1591 619 ne
1617 579 1684 618 de-

290 650 647 700 prehenderentur:
688 648 742 687 ita
766 649 1036 698 Lugudunum
1055 653 1228 686 ventum.
1287 645 1395 684 unde
1413 643 1583 684 creditur
1603 645 1684 682 Do-

290 713 474 752 mitianus
501 712 665 752 occultis
694 713 746 752 ad
775 711 969 752 Cerialem
999 710 1148 750 nuntiis
1175 711 1298 749 fidem
1325 708 1411 749 eius
1431 705 1685 759 temptavisse

288 792 340 817 an
377 779 571 830 praesenti
615 776 690 817 sibi
732 776 946 816 exercitum
988 776 1278 826 imperiumque
1319 772 1530 813 traditurus
1570 771 1683 811 foret.

253 860 271 892 5
290 856 369 894 qua
401 842 639 894 cogitatione
674 843 823 882 bellurn
861 842 1048 880 adversus
1085 847 1238 891 patrem
1271 838 1475 890 agitaverit
1504 849 1558 877 an
1584 847 1687 887 opes

290 907 459 959 virisque
506 909 693 948 adversus
741 908 910 954 fratrem,
959 906 1001 944 in
1046 904 1199 945 incerto
1239 903 1335 943 fuit:
1391 915 1484 942 nam
1522 901 1687 942 Cerialis

290 972 435 1012 salubri
483 978 795 1023 temperamento
834 970 950 1010 elusit
986 977 1031 1010 ut
1068 983 1171 1009 vana
1211 967 1409 1020 pueriliter
1446 965 1685 1018 cupientem.

293 1036 544 1076 Domitianus
575 1034 706 1087 sperni
734 1049 759 1074 a
786 1034 1009 1074 senioribus
1036 1033 1240 1074 iu'ventam
1268 1045 1381 1072 suam
1409 1041 1576 1071 cernens
1601 1042 1688 1070 mo-

291 1103 381 1141 dica
400 1115 560 1153 quoque
589 1109 628 1141 et
655 1108 841 1151 usurpata
867 1108 986 1140 antea
1011 1099 1151 1140 munia
1177 1098 1331 1150 imperii
1355 1097 1575 1145 omittebat,
1596 1095 1688 1136 sim-

233 1185 273 1208 10
291 1167 474 1218 plicitatis
504 1180 552 1206 ac
581 1165 800 1206 modestiae
833 1164 1007 1217 imagine
1039 1163 1083 1204 in
1115 1163 1366 1204 altitudinem
1397 1161 1584 1202 conditus
1611 1167 1689 1200 stu·-

292 1231 484 1282 diumque
513 1231 727 1271 litterarum
757 1237 796 1269 et
823 1243 1001 1269 amorem
1033 1229 1254 1268 carminum
1288 1226 1489 1274 simulans,
1517 1237 1600 1277 quo
1626 1238 1690 1266 ve-

292 1297 389 1335 laret
412 1295 589 1335 animum
613 1303 652 1335 et
678 1294 804 1334 fratris
822 1307 859 1333 se
877 1293 1134 1333 aemulationi
1159 1293 1407 1339 subduceret,
1428 1288 1541 1330 cuius
1560 1288 1689 1340 dispa-

294 1374 378 1400 rem
399 1360 675 1410 mitioremque
694 1366 874 1398 naturam
894 1365 1032 1398 contra
1050 1356 1386 1409 interpretabatur.

299 1477 337 1506 14
365 1470 554 1498 ostentaret
569 1464 777 1496 Rhenanus:
801 1462 983 1505 ostentare}
1003 1461 1048 1494 M
1177 1471 1216 1502 15
1241 1461 1415 1493 defuturos
1434 1459 1477 1490 M

340 1509 403 1542 86.
430 1520 449 1540 2
473 1509 658 1547 lugdunum
676 1507 719 1539 M
845 1517 867 1547 9
889 1511 968 1538 ante
988 1516 1028 1537 ea
1046 1506 1088 1537 M
1245 1515 1284 1536 12
1307 1503 1420 1535 fratris
1436 1501 1631 1534 emulationi
1649 1498 1693 1533 Μ

296 1564 334 1586 se
345 1556 423 1594 post
437 1552 551 1583 fratris
567 1550 643 1582 add.
661 1550 782 1591 Halm,
800 1554 878 1581 ante
899 1550 1102 1581 subduceret
1117 1548 1287 1589 Kiesslz‘ng
1339 1546 1585 1578 subduceretur
1599 1544 1687 1584 dett„

298 1597 417 1628 Meiser
571 1603 609 1633 13
628 1597 706 1634 post
719 1593 1004 1633 interpretabatur
1020 1591 1134 1623 addita
1148 1592 1185 1622 in
1200 1590 1302 1622 codice
1314 1599 1425 1629 neque
1439 1598 1501 1620 vos
1517 1588 1690 1628 inpunitos

299 1640 480 1680 patiantur,
500 1647 584 1679 quae
596 1636 690 1678 falso
704 1646 744 1669 ex
756 1646 786 1670 c.
805 1645 845 1677 77
866 1638 1065 1677 repetuntur.
1081 1634 1200 1666 habent
1213 1638 1244 1666 et
1258 1633 1330 1665 dett.
1347 1633 1407 1664 hoc
1420 1630 1690 1664 additamentum
