1748 2826
498 137 906 178 HISTORIARVM
937 137 1112 176 LIBER
1143 137 1185 175 II
1498 137 1542 176 11
1563 146 1610 176 21

134 251 347 305 phitheatri
374 264 488 304 opuS,
520 250 640 291 situm
669 258 778 290 extra
806 263 952 299 muros,
983 249 1250 301 conflagravit,
1282 248 1363 288 sive
1391 249 1443 288 ab
1473 248 1542 288 ob-

133 317 418 371 pugnatoribus
456 316 676 366 incensum‚
716 318 814 357 dum
857 318 963 356 faces
1002 323 1041 356 et
1078 316 1233 367 glandis
1272 322 1312 354 et
1350 313 1540 354 missilem
1561 327 1580 360 5

132 382 265 436 ignem
301 382 343 423 in
377 383 562 424 obsessos
601 382 831 430 iaculantur,
868 382 950 422 sive
988 382 1040 421 ab
1078 380 1262 430 obsessis,
1300 382 1398 421 dum
1437 394 1541 432 rege—

129 454 232 489 runt.
291 447 532 501 municipale
560 449 715 500 vulgus,
741 461 912 500 pronum
944 448 996 487 ad
1025 445 1283 498 suspiciones,
1318 447 1457 486 fraude
1486 445 1540 484 in-

129 514 208 554 lata
235 513 337 568 ignis
365 514 556 556 alimenta
582 514 752 556 credidit
784 528 809 554 a
842 514 1084 566 quibusdam
1119 527 1166 554 ex
1198 512 1337 553 vicinis
1371 512 1539 552 coloniis

129 579 279 622 invidia
306 587 347 622 et
374 581 653 629 aemulatione,
676 582 787 633 quod
813 582 922 620 nulla
945 579 986 620 in
1015 579 1130 619 Italia
1154 581 1280 619 moles
1306 586 1387 618 tam
1416 592 1540 630 capax

126 646 242 686 foret.
297 659 557 699 quocumque
585 660 680 686 casu
708 645 865 696 accidit,
895 647 992 687 dum
1021 645 1217 686 atrociora
1246 644 1537 692 metuebantur,
1560 663 1600 687 10

127 710 168 752 in
187 710 266 752 levi
285 711 479 761 habitum,
501 712 658 753 reddita
677 712 898 761 securitate,
929 719 1135 764 tamquam
1155 710 1256 750 nihil
1281 709 1436 762 gravius
1456 709 1538 762 pati

126 777 361 831 potuissent,
386 779 629 820 maerebant.
689 786 866 820 ceterum
892 779 1020 818 multo
1047 791 1210 818 suorum
1234 790 1373 816 cruore
1399 777 1538 828 pulsus

126 843 313 894 Caecina,
341 852 381 886 et
404 859 486 886 nox
513 845 701 898 parandis
730 844 917 898 operibus
942 845 1168 896 absumpta.
1226 841 1430 883 Vitelliani
1454 843 1538 894 plu-

126 915 212 950 teos
246 910 445 963 eratisque
477 918 519 952 et
547 910 683 952 vineas
721 909 999 951 subfodiendis
1038 909 1161 949 muris
1198 907 1536 961 protegendisque

125 975 479 1029 obpugnatoribus,
521 976 743 1019 Othoniani
790 976 899 1017 sudis
939 984 978 1016 et
1017 975 1232 1015 immensas
1271 974 1450 1026 lapidum
1487 987 1535 1013 ac
1557 988 1596 1021 15

124 1041 280 1094 plumbi
312 1042 495 1096 aerisque
528 1045 645 1084 molis
687 1042 976 1096 perfringendis
1015 1040 1314 1092 obruendisque
1351 1039 1535 1080 hostibus

124 1106 351 1159 expediunt.
410 1108 610 1161 utrimque
640 1110 780 1161 pudor,
811 1107 1011 1160 utrimque
1043 1107 1167 1159 gloria
1195 1114 1235 1147 et
1263 1106 1441 1147 diversae
1470 1119 1535 1145 ex-

124 1172 369 1215 hortationes
394 1174 491 1214 hinc
517 1174 720 1226 legionum
747 1181 787 1214 et
814 1172 1043 1215 Germanici
1069 1171 1262 1213 exercitus
1286 1171 1417 1220 robur,
1439 1170 1534 1211 inde

122 1239 299 1280 urbanae
318 1239 482 1281 militiae
501 1247 541 1280 et
560 1240 844 1292 praetoriarum
860 1238 1085 1279 cohortium
1101 1240 1225 1279 decus
1240 1238 1508 1277 attollentium
1523 1252 1534 1287 3

122 1303 179 1344 illi
206 1312 252 1346 ut
276 1319 440 1358 segnem
463 1313 504 1347 et
530 1306 712 1348 desidem
739 1314 779 1347 et
808 1307 915 1346 circo
939 1318 988 1345 ac
1018 1305 1180 1345 theatris
1209 1311 1440 1356 corruptum
1465 1304 1535 1343 mi·
1555 1323 1597 1347 20

121 1369 243 1421 litem,
273 1370 316 1411 hi
343 1371 595 1424 peregrinum
626 1379 666 1412 et
694 1379 901 1412 externum
930 1370 1200 1422 increpabant.
1260 1369 1379 1408 simul
1409 1370 1534 1410 Otho-

121 1450 214 1478 nem
251 1451 299 1478 ac
331 1437 538 1479 Vitellium
572 1439 819 1480 celebrantes
853 1439 1109 1490 culpantesve
1143 1435 1393 1476 uberioribus
1431 1435 1535 1476 inter

120 1517 164 1544 se
182 1502 337 1557 probris
357 1517 479 1556 quam
498 1504 684 1545 laudibus
705 1504 1021 1544 stimulabantur.

282 1571 460 1611 Vixdum
490 1578 578 1611 orto
606 1571 673 1611 die
710 1572 830 1623 plena
867 1568 1229 1622 propugnatoribus
1259 1567 1429 1617 moenia,
1462 1570 1533 1607 ful-
1552 1575 1601 1604 22

118 1641 257 1686 gentes
276 1635 395 1676 armis
414 1636 588 1688 virisque
610 1636 766 1689 campi:
797 1638 967 1677 densum
988 1635 1191 1687 legionum
1217 1648 1372 1687 agmen,
1396 1647 1531 1685 sparsa

117 1699 353 1741 auxiliorum
387 1716 528 1742 manus
561 1702 701 1742 altiora
734 1715 938 1741 murorum
971 1700 1120 1753 sagittis
1159 1707 1228 1740 aut
1266 1699 1368 1739 saxis
1406 1698 1531 1739 inces-

118 1778 215 1815 sere,
245 1767 427 1819 neglecta
459 1775 528 1807 aut
564 1781 664 1807 aevo
701 1767 806 1806 fluxa
845 1766 1071 1807 comminus
1111 1764 1286 1816 adgredi.
1345 1764 1530 1816 ingerunt

118 1832 291 1885 desuper
327 1832 550 1874 Othoniani
584 1832 664 1884 pila
696 1832 842 1873 librato
869 1831 994 1883 magis
1023 1839 1063 1871 et
1093 1838 1201 1870 certo
1230 1830 1311 1870 ictu
1339 1831 1528 1870 adversus
1551 1841 1568 1874 5

117 1904 266 1938 temere
292 1898 500 1939 subeuntis
531 1897 707 1939 cohortis
737 1900 1040 1945 Germanorum,
1071 1903 1191 1936 cantu
1220 1894 1318 1935 truci
1349 1902 1389 1935 et
1418 1909 1528 1936 more

117 1963 245 2015 patrio
264 1963 384 2004 nudis
409 1964 644 2016 corporibus
670 1978 789 2016 super
816 1977 975 2003 umeros
1005 1970 1118 2002 scuta
1141 1963 1418 2014 quatientium.
1478 1962 1529 2000 le-

115 2027 315 2081 gionarius
345 2029 490 2082 pluteis
510 2037 550 2070 et
573 2029 747 2070 cratibus
771 2037 899 2070 tectus
929 2028 1082 2069 subruit
1110 2041 1255 2076 muros,
1283 2027 1440 2066 instruit
1466 2040 1530 2078 ag-

116 2143 136 2174 5
161 2133 292 2166 ssandes
319 2132 362 2165 M
501 2135 524 2166 6
547 2134 689 2167 obsesso
714 2135 757 2166 M
866 2139 1027 2176 regerunt
1053 2132 1281 2166 Puteolanus:
1317 2136 1456 2173 reporta
1486 2142 1529 2164 ns

115 2182 241 2218 gerunt
260 2178 298 2210 in
318 2187 441 2210 rasura
456 2176 506 2219 M,
525 2178 563 2219 cf
582 2178 628 2212 A.
646 2179 693 2212 xi.
711 2189 775 2220 33:
810 2183 938 2211 retorta
960 2179 1123 2219 ingerunt
1138 2177 1167 2209 I.
1190 2176 1401 2208 Gronovius:
1433 2177 1528 2216 paria

115 2226 278 2263 regerunt
294 2221 434 2254 Meiser:
468 2223 642 2263 reciproca
658 2224 818 2264 ingerunt
840 2223 948 2265 Wolff
1106 2223 1127 2254 8
1152 2232 1197 2253 ex
1212 2221 1322 2252 Halm
1339 2232 1346 2253 ε
1370 2225 1406 2252 et
1422 2220 1465 2251 M
1476 2231 1483 2251 ε
1508 2232 1527 2252 e

115 2265 190 2300 dett.
316 2277 339 2307 9
361 2266 489 2298 invidia
505 2271 539 2299 et
555 2266 730 2300 Muretus:
757 2267 905 2299 invidiae
922 2267 963 2299 M
1075 2276 1115 2307 13
1138 2266 1319 2306 absumpta
1349 2264 1527 2296 Muretus:

114 2315 290 2351 assumpta
304 2310 348 2341 M
435 2312 475 2342 16
498 2311 762 2355 perfringendisl
781 2310 840 2343 M:
865 2311 1122 2353 perfringendis
1140 2309 1299 2351 operibus
1317 2309 1374 2350 aL,
1393 2306 1503 2341 Halm
1519 2320 1526 2339 :

114 2364 147 2395 p.
165 2354 274 2386 vineis
290 2353 425 2386 Classen
562 2365 601 2386 21
628 2356 676 2387 hii
691 2355 735 2387 M

119 2430 122 2433 .
159 2404 217 2430 22.
243 2408 263 2429 2
286 2399 398 2439 campi
432 2398 509 2430 M¹:
548 2400 678 2440 campis
709 2400 752 2431 M
837 2398 1101 2440 legionariorum
1134 2398 1243 2430 Ritter
1394 2407 1414 2436 5
1439 2396 1525 2428 iactu

113 2439 285 2484 Kiessling
426 2453 444 2483 7
469 2443 695 2484 legionarium
712 2443 755 2475 M
899 2444 920 2475 8
944 2444 1097 2484 gratibus
1118 2443 1158 2474 M
