1748 2826
190 155 233 193 II
252 163 307 204 79
702 156 978 196 CORNELII
1009 157 1202 197 TACITI

251 275 497 308 sacramento
536 267 619 307 eius
653 266 828 319 legiones
863 267 1006 319 adegit.
1065 268 1178 319 isque
1218 267 1366 320 primus
1404 266 1646 321 principatus

251 333 336 373 dies
360 333 401 372 in
425 340 626 384 posterum
654 334 884 381 celebratus,
910 332 1089 385 quamvis
1115 332 1301 373 Iudaicus
1324 332 1516 373 exercitus
1535 331 1647 385 quin-

213 409 233 447 5
252 406 294 439 to
322 412 448 439 nonas
479 398 600 438 Iulias
629 400 737 450 apud
766 398 897 451 ipsum
926 398 1101 447 iurasset,
1132 412 1182 439 eo
1209 400 1348 439 ardore
1378 405 1423 439 ut
1455 411 1507 439 ne
1531 397 1646 438 Titus

251 463 415 514 quidem
440 462 542 502 filius
571 471 852 515 expectaretur,
873 463 983 515 Syria
1002 476 1182 504 remeans
1202 471 1241 504 et
1265 463 1521 504 consiliorum
1546 462 1647 504 inter

253 527 488 568 Mucianum
517 541 564 567 ac
592 536 745 579 patrem
774 528 948 568 nuntius.
997 535 1142 568 cuncta
1171 528 1325 580 impetu
1356 527 1526 569 militum
1557 535 1648 568 acta

251 606 333 633 non
354 600 490 645 parata
509 593 708 643 contione,
731 607 813 633 non
834 593 1056 633 coniunctis
1075 592 1309 644 legionibus.

180 659 234 698 80
415 660 523 697 Dum
551 658 750 711 quaeritur
778 666 935 710 tempus
960 660 1071 698 locus
1101 659 1290 710 quodque
1318 658 1359 698 in
1388 671 1429 699 re
1454 657 1523 699 tali
1549 656 1648 699 diffi-

252 722 444 763 cillimum
473 732 542 774 est,
574 723 701 776 prima
725 738 811 773 vox,
840 725 937 764 dum
965 722 1101 763 animo
1130 736 1219 775 spes
1248 723 1375 772 timor,
1404 723 1504 764 ratio
1532 734 1647 763 casus

251 789 519 838 obversantur,
554 803 752 841 egressum
791 788 977 829 cubiculo
1007 788 1297 840 Vespasianum
1333 788 1451 840 pauci
1489 787 1644 836 milites,

249 853 366 894 solito
396 854 633 895 adsistentes
667 854 806 894 ordine
839 861 884 894 ut
916 855 1088 905 legatum
1122 853 1336 902 salutaturi,
1368 853 1646 905 imperatorem

213 936 231 968 5
249 921 490 960 salutavere:
532 927 616 959 turn
648 919 766 959 ceteri
796 920 1014 965 adcurrere,
1044 919 1254 959 Caesarem
1285 925 1325 957 et
1353 918 1579 968 Augustum
1606 923 1648 957 et

250 983 385 1023 omnia
412 983 655 1035 principatus
675 983 871 1024 vocabula
900 983 1111 1023 cumulare.
1169 995 1282 1022 mens
1310 996 1335 1022 a
1362 989 1472 1022 metu
1499 982 1553 1022 ad
1573 982 1647 1021 for-

250 1056 387 1088 tunam
408 1049 636 1089 transierat:
666 1048 707 1088 in
734 1048 821 1100 ipso
847 1048 944 1087 nihil
970 1048 1180 1096 tumidum,
1203 1048 1398 1098 adrogans
1422 1054 1492 1088 aut
1519 1046 1563 1087 in
1591 1060 1647 1087 re-

250 1114 324 1154 bus
347 1113 460 1153 novis
485 1127 633 1154 novum
653 1113 736 1153 fuit.
795 1120 839 1153 ut
865 1113 1035 1165 primum
1063 1119 1195 1153 tantae
1221 1111 1440 1153 altitudinis
1461 1113 1646 1153 obfusam

250 1178 374 1219 oculis
407 1178 616 1231 caliginem
654 1177 818 1227 disiecit,
855 1177 1072 1218 militariter
1109 1179 1263 1218 locutus
1300 1179 1404 1217 laeta
1440 1176 1575 1218 omnia
1606 1182 1647 1217 et

194 1261 233 1284 10
249 1243 449 1284 affluentia
469 1243 622 1296 excepit
636 1258 646 1293 3
675 1257 848 1295 namque
868 1242 909 1283 id
939 1243 1069 1294 ipsum
1097 1242 1306 1294 opperiens
1334 1242 1548 1282 Mucianus
1570 1244 1648 1282 ala-

249 1322 356 1349 crem
390 1308 555 1348 militem
593 1308 633 1347 in
664 1309 783 1348 verba
815 1306 1049 1359 Vespasiani
1086 1307 1228 1359 adegit.
1287 1315 1372 1348 tum
1402 1307 1647 1349 Antiochen-

249 1374 350 1414 sium
385 1375 581 1414 theatrum
614 1373 822 1424 ingressus,
854 1371 925 1412 ubi
957 1372 1033 1412 illis
1067 1374 1290 1412 consultare
1329 1385 1416 1412 mos
1450 1379 1521 1421 est,
1553 1386 1646 1413 con-

248 1438 437 1478 currentis
471 1446 509 1478 et
543 1437 584 1477 in
612 1437 883 1478 adulationem
912 1439 1057 1477 effusos
1086 1437 1325 1488 adloquitur,
1355 1437 1448 1478 satis
1476 1439 1646 1478 decorus

247 1503 368 1543 etiam
390 1505 542 1543 Graeca
565 1502 760 1550 facundia,
783 1502 1044 1554 omniumque
1065 1516 1168 1553 quae
1194 1502 1343 1542 diceret
1368 1510 1489 1554 atque
1513 1509 1647 1553 ageret

192 1585 228 1617 15
246 1575 329 1608 arte
359 1569 532 1619 quadam
561 1575 791 1608 ostentator.
847 1567 944 1606 nihil
977 1581 1104 1619 aeque
1139 1566 1383 1618 provinciam
1417 1566 1645 1607 exercitum-

247 1647 326 1684 que
355 1633 539 1672 accendit
566 1647 685 1684 quam
715 1634 825 1684 quod
854 1633 1111 1673 adseverabat
1137 1632 1349 1672 Mucianus
1378 1631 1560 1672 statuisse
1578 1631 1646 1671 Vi-

248 1697 399 1737 tellium
420 1705 463 1737 ut
485 1697 741 1737 Germanicas
762 1695 937 1749 legiones
964 1698 1005 1737 in
1025 1697 1175 1749 Syriam
1198 1699 1250 1737 ad
1276 1696 1456 1736 militiam
1483 1699 1645 1749 opulen-

248 1770 328 1802 tam
361 1762 616 1814 quietamque
655 1764 888 1812 transferret,
922 1770 1059 1803 contra
1093 1761 1258 1814 Syriacis
1296 1761 1518 1813 legionibus
1551 1763 1645 1803 Ger-

248 1828 403 1869 manica
433 1828 598 1868 hiberna
624 1830 735 1869 caelo
763 1842 811 1869 ac
838 1828 1040 1869 laboribus
1069 1829 1167 1868 dura
1195 1834 1439 1868 mutarentur
1452 1842 1464 1878 ς
1496 1827 1645 1880 quippe

189 1911 228 1933 ιο
248 1901 286 1933 et
320 1893 579 1945 provinciales
612 1901 727 1934 sueto
762 1893 932 1934 militum
965 1892 1227 1934 contubernio
1259 1893 1499 1944 gaudebant,
1533 1892 1645 1944 pleri-

246 1971 325 2009 que
357 1959 717 1999 necessitudinibus
752 1967 791 2000 et
824 1954 1184 2012 propinquitatibus
1222 1957 1345 2006 mixti,
1379 1964 1420 1998 et
1452 1957 1643 1998 militibus

246 2031 441 2063 vetustate
476 2024 763 2075 stipendiorum
799 2032 895 2065 nota
928 2031 966 2064 et
1001 2022 1203 2063 familiaria
1236 2029 1362 2063 castra
1400 2021 1442 2062 in
1476 2023 1643 2064 modum

246 2089 448 2140 penatium
470 2088 744 2141 diligebantur.
1087 2097 1093 2103 ·

245 2202 269 2241 4.
288 2202 318 2223 ν.
339 2198 407 2223 non
436 2191 511 2224 Iulii
536 2192 578 2224 M
662 2192 816 2232 quintum
835 2191 944 2224 Ritter
1087 2193 1108 2223 8
1132 2190 1294 2224 contione
1317 2189 1493 2233 Agricola:
1525 2188 1641 2230 cogni-

246 2234 398 2311 tlogg.l¹{
422 2279 574 2319 queritur
599 2278 641 2309 M
770 2289 789 2318 4
815 2279 1022 2310 adsistentes
1049 2277 1214 2310 Pichena:
1249 2278 1413 2310 adsistent
1437 2276 1479 2308 M
1620 2278 1642 2308 6

246 2322 431 2364 fortunam]
464 2323 621 2354 fiduciam
652 2322 844 2361 Prammer,
875 2322 994 2354 Nova'k
1139 2322 1160 2352 8
1183 2325 1277 2353 tante
1307 2321 1349 2352 M
1453 2319 1640 2354 altitudinis

251 2365 385 2398 Triller:
424 2366 656 2407 multitudinis!
693 2365 753 2397 M:
791 2366 987 2397 mutationis
1017 2365 1044 2397 I.
1078 2365 1114 2397 F.
1146 2364 1349 2397 Gronovius:
1398 2363 1641 2404 magnitudinis

248 2408 322 2441 Van
349 2409 408 2441 der
433 2410 518 2441 Vliet
604 2409 739 2441 fortuna
764 2409 914 2441 obfusam
941 2409 1060 2440 Novcik
1194 2418 1234 2439 12
1257 2407 1303 2438 illi
1331 2406 1374 2438 M
1515 2415 1553 2446 15
1576 2405 1639 2438 sed

245 2451 329 2484 nihil
345 2462 453 2493 aeque
469 2450 549 2485 com‘.
569 2449 744 2484 Andr-esen
879 2461 918 2492 19
941 2450 1084 2483 hiberna
1101 2451 1310 2483 Rhenanus:
1334 2450 1476 2482 hiberno
1493 2449 1535 2481 M
