1748 2826
168 105 211 143 II
231 112 284 154 53
677 104 954 145 CORNELII
984 104 1179 145 TACITI

233 219 344 271 plura
372 216 638 269 interrogandi
666 218 806 268 pudor,
837 223 957 268 atque
985 215 1165 256 omnium
1199 215 1322 256 animi
1351 217 1392 256 in
1421 215 1625 258 Vitellium

233 281 481 323 inclinavere.

162 356 213 396 54
398 348 590 387 Intererat
628 346 802 387 consiliis
835 347 951 386 frater
984 345 1068 386 eius
1100 347 1143 386 L.
1177 345 1359 386 Vitellius
1392 358 1514 397 seque
1545 345 1626 387 iam

234 411 489 452 adulantibus
527 412 728 460 offerebat,
759 425 851 451 cum
882 418 1044 463 repente
1073 412 1235 452 Coenus
1263 411 1426 450 libertus
1453 410 1626 452 Neronis

233 476 356 517 atroci
398 476 609 516 mendacio
655 476 859 517 universos
905 475 1082 529 perculit,
1127 477 1341 515 adfirmans
1387 482 1626 528 superventu

233 549 394 594 quartae
427 541 607 582 decimae
644 540 824 592 legionis,
856 541 999 581 iunctis
1037 554 1061 580 a
1094 540 1265 581 Brixello
1297 540 1456 590 viribus,
1488 554 1625 582 caesos

190 624 208 657 5
233 608 399 648 victores
413 622 424 657 3
465 619 619 646 versam
646 606 817 658 partium
847 607 1056 646 fortunam.
1115 619 1234 646 causa
1266 605 1443 657 fingendi
1473 606 1548 646 fuit
1582 613 1626 646 ut

231 672 449 724 diplomata
475 670 658 720 Othonis,
685 684 788 723 quae
814 672 1133 722 neglegebantur,
1163 670 1325 711 laetiore
1352 670 1494 711 nuntio
1522 671 1649 712 reva-v

231 740 432 778 lescerent.
491 744 531 777 et
551 738 712 778 Coenus
732 736 895 788 quidem
922 736 1064 788 raptim
1090 736 1131 775 in
1156 737 1295 776 urbem
1314 742 1451 776 vectus
1475 749 1625 788 paucos

232 809 321 855 post
358 802 443 843 dies
481 803 589 842 iussu
620 801 770 842 Vitellii
808 814 958 854 poenas
997 800 1092 841 luit:
1140 807 1366 841 senatorum
1405 800 1625 853 periculum

232 874 393 908 auctum
422 866 676 908 credentibus
705 866 945 907 Othonianis
974 865 1164 906 militibus
1192 879 1283 906 vera
1311 878 1398 906 esse
1425 879 1528 918 quae
1559 868 1626 908 ad-

169 945 209 969 10
231 933 465 972 serebantur.
525 931 757 972 intendebat
777 930 1029 971 formidinem
1050 931 1160 982 quod
1184 930 1335 982 publici
1353 930 1507 970 consilii
1525 930 1626 972 facie

231 997 449 1037 discessum
490 996 648 1036 Mutina
685 997 943 1046 desertaeque
980 1001 1109 1046 partes
1147 996 1286 1035 forent.
1344 1008 1418 1036 nec
1451 996 1551 1036 ultra
1583 995 1625 1036 in

231 1075 445 1102 commune
474 1060 672 1112 congressi
701 1060 775 1100 sibi
805 1060 973 1111 quisque
1001 1060 1245 1109 consuluere,
1273 1061 1404 1100 donec
1432 1059 1575 1100 missae
1601 1074 1626 1100 a

232 1128 356 1167 Fabio
382 1128 550 1166 Valente
579 1126 769 1178 epistulae
798 1127 1002 1165 demerent
1030 1132 1191 1165 metum.
1251 1132 1290 1165 et
1318 1139 1424 1166 mors
1453 1125 1625 1167 Othonis

230 1206 311 1245 quo
331 1191 566 1232 laudabilior
585 1205 634 1231 eo
654 1190 827 1230 velocius
847 1190 991 1230 audita.

156 1265 208 1306 55
392 1258 447 1296 At
475 1257 631 1296 Romae
660 1255 757 1294 nihil
787 1254 1057 1306 trepidationis
1072 1269 1083 1305 3
1112 1253 1285 1296 Ceriales
1313 1255 1397 1296 ludi
1426 1268 1474 1295 ex
1515 1269 1625 1296 more

231 1322 521 1375 spectabantur.
598 1328 641 1360 ut
688 1320 853 1361 cessisse
891 1321 1094 1360 Othonem
1142 1327 1181 1359 et
1225 1333 1250 1359 a
1294 1319 1430 1359 Flavio
1476 1321 1626 1361 Sabino

229 1389 429 1441 praesecto
466 1385 573 1425 urbis
604 1386 714 1436 quod
752 1391 833 1425 erat
870 1384 910 1423 in
949 1385 1046 1424 urbe
1079 1383 1249 1424 militum
1283 1392 1530 1425 sacramento
1559 1387 1626 1425 Vi-

229 1451 325 1491 tellii
357 1453 543 1492 adactum
572 1451 667 1491 certi
693 1457 872 1490 auctores
901 1449 941 1488 in
974 1450 1171 1489 theatrum
1203 1450 1431 1498 attulerunt,
1461 1450 1625 1491 Vitellio

190 1530 209 1564 5
230 1517 409 1568 plausere
423 1531 434 1566 ;
480 1517 651 1568 populus
688 1529 779 1555 cum
818 1517 928 1554 lauru
965 1528 1012 1554 ac
1049 1513 1211 1554 floribus
1245 1514 1397 1554 Galbae
1434 1514 1625 1567 imagines

230 1581 378 1620 circum
405 1582 553 1632 templa
578 1580 677 1628 tulit,
700 1579 895 1630 congestis
923 1578 963 1618 in
983 1579 1149 1618 modum
1175 1580 1317 1618 tumuli
1342 1579 1500 1619 coronis
1519 1581 1626 1621 iuxta

229 1648 360 1685 lacum
386 1645 527 1694 Curtii,
553 1658 673 1696 quem
697 1646 830 1684 locum
856 1644 985 1684 Galba
1010 1642 1182 1683 moriens
1205 1643 1398 1695 sanguine
1423 1645 1621 1685 infecerat.

230 1711 272 1750 in
298 1717 437 1750 senatu
466 1716 610 1750 cuncta
638 1709 765 1761 longis
791 1708 956 1748 aliorum
985 1707 1271 1759 principatibus
1302 1708 1524 1759 composita
1550 1715 1625 1749 sta-

229 1776 301 1815 tim
339 1777 629 1824 decernuntur;
666 1774 826 1814 additae
864 1787 954 1825 erga
992 1772 1274 1813 Germanicum
1304 1775 1518 1813 exercitum
1545 1775 1624 1814 lau-

166 1859 206 1881 10
229 1842 300 1881 des
334 1847 540 1891 gratesque
570 1847 609 1879 et
644 1839 762 1878 missa
793 1838 936 1890 legatio
969 1851 1071 1889 quae
1101 1838 1247 1889 gaudio
1275 1839 1511 1890 fungeretur.
1568 1853 1624 1878 re-

229 1905 370 1944 citatae
410 1903 523 1944 Fabii
556 1904 734 1943 Valentis
773 1903 963 1954 epistulae
1000 1904 1052 1942 ad
1090 1904 1272 1942 consules
1311 1903 1477 1955 scriptae
1515 1905 1622 1944 haud

230 1970 514 2009 immoderate:
576 1968 719 2020 gratior
766 1967 963 2009 Caecinae
1014 1967 1210 2007 modestia
1261 1967 1334 2007 fuit
1382 1969 1491 2020 quod
1540 1982 1622 2008 non

229 2042 456 2086 scr1pS1sset.

273 2144 336 2179 54.
361 2147 382 2177 3
405 2141 646 2177 superventum
664 2135 706 2166 M
873 2147 890 2176 7
914 2136 1036 2177 raptim
1053 2136 1087 2167 in
1103 2136 1138 2168 I.
1160 2135 1367 2168 Gronovius:
1391 2137 1546 2178 rapidum
1562 2137 1620 2168 M:

229 2182 345 2221 rapide
364 2181 398 2211 in
414 2180 487 2212 dett.
622 2182 642 2211 8
667 2180 798 2211 iniussu
814 2178 958 2221 Spengel

272 2230 334 2265 55.
364 2234 378 2255 1
405 2233 519 2254 romae
536 2233 590 2254 me
608 2222 651 2252 M
716 2223 869 2254 cereales
885 2223 930 2255 al.
1064 2233 1084 2254 2
1108 2223 1253 2255 cessisse
1270 2223 1339 2255 vita
1355 2223 1428 2255 dett.
1449 2234 1456 2254 ε
1484 2234 1620 2256 conces-

228 2268 314 2299 sisse
331 2267 459 2299 Ritter:
483 2266 645 2298 cecidisse
661 2266 808 2297 Petersen
953 2276 974 2306 3
997 2272 1208 2298 sacramento
1224 2267 1409 2298 Rhenanus
1425 2277 1432 2297 ε
1457 2266 1494 2298 In
1510 2277 1619 2299 sacra-

228 2317 343 2342 mento
360 2310 400 2341 M
548 2320 569 2349 9
593 2309 778 2340 exercitum
796 2310 924 2341 Ritter:
947 2310 1115 2342 exercitus
1132 2310 1175 2341 M
1182 2321 1189 2342 z
1215 2310 1435 2342 Germanicos
1451 2310 1621 2343 exercitus

229 2354 300 2385 dett.
438 2364 476 2385 12
500 2353 741 2384 immoderatae
758 2353 800 2384 M
