1748 2826
455 151 864 204 HISTORIARVM
895 151 1065 190 LIBER
1096 151 1139 190 11
1456 152 1501 189 11
1520 145 1579 195 64

256 263 382 318 Igitur
418 263 603 304 Vitellius
642 270 751 303 metu
789 270 830 303 et
863 262 958 303 odio
993 263 1103 314 quod
1139 260 1367 302 Petroniam
1407 275 1500 301 uxo·
1521 258 1579 309 64

91 342 176 370 rem
198 328 285 371 eius
313 342 407 369 mox
433 329 645 371 Dolabella
667 328 709 368 in
735 327 1032 369 matrimonium
1057 327 1288 379 accepisset,
1311 332 1499 366 vocatum

91 408 163 448 per
193 393 383 447 epistulas
421 394 543 435 vitata
572 394 792 435 Flaminiae
820 394 907 434 viae
940 393 1170 435 celebritate
1199 394 1403 433 devertere
1434 394 1500 432 In—

90 460 329 502 teramnium
362 468 484 514 atque
513 460 569 502 ibi
602 461 770 502 interfici
799 460 924 501 iussit.
982 461 1147 512 longum
1176 459 1418 499 interfectori
1447 457 1501 498 vi-

90 540 205 569 sum:
227 526 270 567 in
295 526 436 568 itinere
461 541 509 568 ac
537 527 703 568 taberna
730 526 953 579 proiectum
982 525 1096 566 humi
1121 524 1323 577 iugulavit,
1355 537 1500 576 magna
1522 536 1540 569 5

90 607 184 634 cum
202 592 355 634 invidia
377 593 471 634 novi
498 593 753 646 principatus,
774 592 887 633 cuius
908 594 986 632 hoc
1006 592 1179 645 primurn
1199 590 1405 643 specimen
1431 603 1499 630 no-

89 659 284 700 scebatur.
343 666 383 700 et
412 659 587 700 Triariae
617 659 819 700 licentiam
849 659 1077 700 modestum
1108 672 1130 698 e
1158 656 1341 711 proximo
1371 670 1500 697 exem-

89 727 203 780 plum
231 725 435 776 onerabat,
467 726 627 767 Galeria
655 725 902 778 imperatoris
936 738 1034 765 uxor
1062 738 1146 765 non
1178 723 1359 763 immixta
1386 722 1500 762 tristi-

88 791 191 842 bus;
234 797 277 833 et
321 791 406 844 pari
443 791 641 844 probitate
678 799 805 832 mater
842 790 1094 831 Vitelliorum
1133 789 1305 838 Sextilia,
1346 788 1500 840 antiqui

90 854 236 915 moris:
264 855 412 897 dixisse
431 856 529 909 quin
556 857 677 898 etiam
701 858 754 897 ad
781 857 927 909 primas
952 855 1023 895 filii
1049 855 1110 896 sui
1136 855 1326 907 epistulas
1354 855 1502 895 fereba-
1525 871 1565 894 ιο

89 928 163 971 tur,
184 934 270 962 non
296 922 583 963 Germanicum
608 936 632 963 a
659 936 702 963 se
727 923 799 963 sed
819 921 1027 962 Vitellium
1054 920 1246 973 genitum.
1306 934 1382 960 nec
1411 919 1501 960 ullis

89 993 231 1041 postea
260 988 445 1028 fortunae
482 987 692 1029 inlecebris
731 996 798 1028 aut
836 988 989 1027 ambitu
1023 986 1192 1027 civitatis
1230 986 1272 1026 in
1309 987 1501 1038 gaudium

89 1051 219 1094 evicta
236 1052 383 1094 domus
401 1066 497 1094 suae
516 1060 672 1093 tantum
691 1054 857 1094 adversa
876 1052 1009 1094 sensit.

255 1117 489 1171 Digressum
523 1133 547 1159 a
576 1120 804 1171 Luguduno
833 1118 1039 1158 Vitellium
1074 1118 1241 1160 Cluvius
1272 1119 1403 1158 Rufus
1434 1118 1502 1157 ad—
1521 1113 1578 1162 65

90 1182 269 1236 sequitur
306 1183 455 1225 omissa
494 1183 703 1236 Hispania,
745 1183 935 1224 laetitiam
974 1191 1014 1224 et
1050 1183 1356 1236 gratulationem
1390 1184 1502 1223 vultu

90 1250 233 1299 ferens,
266 1248 404 1291 animo
435 1249 575 1290 anxius
609 1257 648 1290 et
682 1249 852 1302 petitum
887 1263 929 1290 se
966 1249 1311 1289 criminationibus
1344 1262 1501 1300 gnarus.

91 1313 256 1355 Hilarus
286 1313 470 1356 Caesaris
502 1314 666 1355 libertus
705 1316 900 1355 detulerat
938 1322 1143 1366 tamquam
1182 1314 1321 1355 audito
1352 1313 1502 1354 Vitellii

90 1386 131 1420 et
159 1379 335 1422 Othonis
367 1379 592 1432 principatu
621 1380 820 1433 propriam
851 1380 936 1432 ipse
964 1380 1186 1432 potentiam
1219 1387 1257 1420 et
1288 1379 1501 1431 possessio·
1521 1393 1540 1426 5

90 1459 185 1487 nem
223 1445 513 1499 Hispaniarum
558 1453 802 1499 temptasset,
843 1459 974 1498 eoque
1011 1445 1299 1499 diplomatibus
1346 1447 1502 1485 nullum

89 1510 311 1564 principem
339 1511 682 1565 praescripsisset;
709 1517 748 1552 et
773 1512 1105 1564 interpretabatur
1132 1513 1331 1564 quaedam
1352 1525 1400 1551 ex
1419 1524 1502 1552 ora-

90 1576 267 1619 tionibus
291 1576 380 1619 eius
404 1577 698 1619 contumeliosa
726 1576 769 1617 in
795 1577 1004 1618 Vitellium
1028 1585 1070 1618 et
1094 1590 1167 1629 pro
1194 1590 1237 1617 se
1264 1576 1351 1629 ipso
1377 1590 1502 1629 popu-

90 1641 198 1684 laria.
253 1642 470 1684 auctoritas
508 1642 640 1685 Cluvii
678 1642 897 1695 praevaluit
934 1650 978 1683 ut
1016 1642 1148 1695 puniri
1182 1643 1286 1682 ultro
1314 1641 1501 1682 libertum

91 1722 209 1750 suum
226 1709 414 1750 Vitellius
439 1710 603 1750 iuberet.
663 1709 829 1751 Cluvius
855 1708 1063 1750 comitatui
1092 1707 1282 1761 principis
1307 1707 1501 1757 adiectus,
1525 1720 1563 1743 10

90 1787 174 1816 non
192 1775 382 1828 adempta
397 1774 607 1828 Hispania,
625 1788 744 1827 quarn
767 1774 866 1816 rexit
884 1775 1030 1815 absens
1050 1775 1236 1826 exemplo
1250 1775 1297 1814 L.
1313 1773 1500 1814 Arrunti.

89 1841 159 1881 sed
180 1840 416 1881 Arruntium
444 1840 630 1881 Tiberius
652 1841 800 1882 Caesar
828 1840 883 1881 ob
913 1847 1077 1886 metum,
1099 1838 1284 1880 Vitellius
1314 1838 1502 1880 Cluvium

90 1906 201 1949 nulla
219 1905 432 1948 formidine
451 1906 660 1947 retinebat.
701 1919 783 1946 non
804 1905 913 1946 idem
929 1904 1132 1946 Trebellio
1146 1904 1329 1945 Maximo
1347 1905 1477 1947 honos
1494 1920 1502 1945 :

90 1972 316 2024 profugerat
346 1971 554 2012 Britannia
584 1972 638 2012 ob
670 1970 918 2012 iracundiam
954 1970 1153 2021 militum3
1191 1970 1336 2012 missus
1367 1977 1428 2011 est
1462 1971 1503 2011 in

91 2037 227 2078 locum
247 2036 332 2078 eius
353 2037 511 2079 Vettius
534 2038 711 2078 Bolanus
732 2051 754 2077 e
775 2036 1064 2090 praesentibus.
1526 2049 1564 2082 15

135 2134 201 2179 64.
226 2146 248 2178 3
271 2135 502 2169 Interamnam
519 2135 739 2177 Puteolana-³,
756 2135 824 2169 coll.
840 2136 886 2169 iii.
906 2137 960 2178 61,
980 2137 1023 2177 63
1205 2136 1226 2167 8
1249 2135 1392 2169 inmixta
1415 2135 1444 2169 Ι.’
1462 2136 1500 2170 F.

94 2180 306 2213 Gronovius:
334 2179 457 2223 Inlmix
473 2180 517 2212 M

136 2222 200 2267 65.
229 2234 244 2255 1
270 2224 459 2265 ligunduno
475 2224 519 2256 M
603 2223 778 2257 Vitellium
789 2224 918 2256 Ritter:
933 2224 1116 2257 vitellium·
1136 2223 1169 2256 M
1182 2242 1189 2250 ·
1207 2222 1250 2255 M
1329 2235 1348 2264 4
1372 2224 1504 2257 hilarus

92 2266 173 2301 11¹:
207 2267 310 2300 hilari
333 2267 377 2300 M
387 2279 396 2301 ε
433 2268 587 2301 Hilarius
614 2271 690 2300 ante
712 2267 889 2300 Andresen
915 2269 978 2301 vul
997 2279 1018 2301 ο
1162 2278 1181 2309 7
1208 2272 1243 2300 et
1267 2267 1346 2300 add.
1372 2268 1509 2301 Ernesti

92 2322 138 2345 ex
163 2311 374 2344 orationibus
402 2311 610 2345 Rhenanus:
645 2312 917 2345 exortationibus
1116 2313 1137 2344 8
1161 2312 1235 2344 eius
1259 2316 1293 2344 ut
1319 2312 1506 2354 Nipperdey

91 2355 103 2388 i
183 2355 241 2388 M¹
257 2366 265 2388 ε
289 2356 399 2397 ipsum
415 2354 461 2388 M
631 2365 668 2389 11
694 2355 839 2388 Arrunti
855 2356 918 2389 sed
934 2355 1135 2389 Arruntium
1150 2355 1290 2388 Haase:
1314 2356 1504 2388 arruntium

147 2410 155 2432 ε
177 2397 334 2432 Arruntii
350 2400 440 2434 hunc
461 2398 708 2433 Weissenborn:
732 2398 886 2433 Arruntii
902 2408 980 2434 eum
996 2400 1142 2433 Pichena
1157 2412 1165 2433 ς
1199 2399 1357 2433 Arruntii
1372 2399 1502 2433 Arrun·

27 2429 30 2431 ’
93 2443 178 2478 tium
194 2443 304 2479 Ritter
436 2445 685 2485 13'nondidem
703 2444 746 2479 M
878 2455 918 2486 15
942 2445 1072 2481 bettius
1086 2444 1128 2478 M
