1748 2826
462 115 872 179 HISTORIARVM
903 94 1077 154 LIBER
1107 116 1150 153 11
1466 117 1508 154 11
1527 117 1583 165 56

260 229 450 272 Ceterum
481 227 598 268 Italia
624 227 780 280 gravius
807 235 929 280 atque
957 227 1129 268 atrocius
1157 241 1278 279 quam
1308 228 1414 268 bello
1442 230 1509 269 ad·
1527 229 1582 277 56

97 294 334 337 flictabatur.
391 293 559 346 dispersi
585 306 657 345 per
685 292 905 345 municipia
931 300 970 333 et
997 292 1175 333 colonias
1195 293 1400 333 Vitelliani
1421 307 1509 346 spo-

96 361 202 411 liare,
231 373 380 414 rapere,
412 359 453 400 vi
490 367 530 400 et
562 358 709 411 stupris
741 360 945 411 polluere:
992 357 1034 398 in
1068 371 1189 399 omne
1223 359 1281 399 fas
1315 361 1509 412 nefasque

94 425 203 468 avidi
216 433 287 467 aut
304 426 465 467 venales
485 439 568 467 non
587 439 712 474 sacro,
730 438 814 465 non
833 426 1001 477 profano
1021 424 1289 465 abstinebant.
1339 432 1379 467 et
1399 428 1509 468 fuere

92 491 164 546 qui
191 491 377 533 inimicos
403 505 499 532 suos
527 492 662 544 specie
688 491 862 531 militum
890 491 1168 531 interficerent.
1227 490 1383 543 ipsique
1410 491 1509 532 mili·
1528 508 1547 541 5

94 565 155 600 tes
190 558 400 610 regionum
438 557 550 610 gnari
585 558 750 597 refertos
787 570 914 608 agros,
949 556 1042 597 ditis
1081 557 1269 596 dominos
1311 557 1351 596 in
1400 572 1508 610 prae-

92 624 189 664 dam
221 630 301 673 aut,
335 623 368 663 si
399 630 664 676 repugnatum
698 624 810 671 foret,
846 624 899 663 ad
933 622 1096 662 exitium
1135 621 1403 671 destinabant,
1438 621 1509 662 ob-

93 688 223 730 noxiis
252 689 426 730 ducibus
459 696 499 729 et
532 689 745 741 prohibere
779 702 862 728 non
899 689 1016 729 ausis.
1076 689 1208 729 minus
1242 688 1428 729 avaritiae
1466 688 1508 728 in

92 753 281 804 Caecina,
310 755 401 808 plus
428 753 684 795 ambitionis:
726 756 875 794 Valens
904 755 958 794 ob
987 756 1096 794 lucra
1125 762 1165 795 et
1192 762 1383 807 quaestus
1412 756 1509 794 infa-

92 819 169 862 mis
201 833 334 874 eoque
364 820 520 861 alienae
553 821 673 861 etiam
712 821 854 872 culpae
892 820 1173 861 dissimulator.
1233 822 1312 861 iam
1351 822 1505 873 pridem
1530 840 1569 863 10

91 885 234 928 attritis
254 885 395 928 Italiae
413 886 532 927 rebus
547 892 704 926 tantum
720 885 901 938 peditum
916 886 1191 938 equitumque,
1205 887 1264 927 vis
1277 888 1507 939 damnaque

93 958 134 992 et
151 950 319 993 iniuriae
336 964 453 1004 aegre
471 952 753 992 tolerabantur.

257 1019 424 1058 Interim
454 1016 638 1057 Vitellius
677 1016 865 1057 victoriae
904 1030 999 1057 suae
1043 1018 1201 1058 nescius
1238 1026 1282 1059 ut
1320 1020 1372 1059 ad
1410 1018 1507 1059 inte·
1525 1029 1574 1072 57

93 1096 206 1136 grum
246 1083 397 1124 bellurn
444 1083 616 1135 reliquas
661 1082 891 1124 Germanici
935 1085 1129 1124 exercitus
1174 1083 1266 1124 viris
1310 1085 1503 1125 trahebat.

93 1149 211 1201 pauci
239 1155 418 1190 veterum
448 1148 621 1189 rnilitum
652 1147 694 1187 in
721 1148 898 1189 hibernis
925 1148 1061 1198 relicti,
1093 1149 1286 1189 festinatis
1316 1163 1385 1202 per
1415 1151 1507 1190 Gal-

92 1215 165 1254 lias
193 1213 422 1265 dilectibus,
450 1221 494 1255 ut
522 1213 814 1254 remanentium
844 1214 1047 1266 legionum
1084 1215 1250 1255 nomina
1279 1217 1506 1268 suppleren-

90 1285 166 1320 tm.
223 1292 319 1320 cura
345 1279 454 1332 ripae
484 1279 726 1320 Hordeonio
759 1280 906 1319 Flacco
936 1279 1129 1332 permissa
1143 1296 1154 1331 ;
1187 1281 1272 1333 ipse
1301 1295 1323 1321 e
1353 1283 1505 1322 Britan·
1525 1297 1543 1329 5

91 1346 185 1387 nico
195 1346 361 1386 exera‘tu
374 1346 531 1387 delecta
538 1353 631 1386 octo
645 1345 754 1385 milia
766 1344 842 1385 sibi
854 1346 1046 1386 adiunxit.
1069 1354 1109 1387 et
1122 1360 1340 1398 paucorum
1348 1347 1504 1388 dierum

91 1411 165 1453 iter
186 1424 416 1465 progressus
439 1425 649 1464 prosperas
673 1412 783 1464 apud
804 1412 1044 1452 Bedriacum
1072 1426 1133 1452 res
1157 1426 1204 1452 ac
1230 1420 1358 1453 morte
1379 1414 1506 1454 Otho-

90 1475 153 1515 nis
166 1474 392 1516 concidisse
407 1475 558 1515 bellum
570 1475 725 1526 accepit
741 1490 749 1514 :
778 1482 920 1515 vocata
931 1477 1120 1516 contione
1133 1477 1318 1516 virtutem
1332 1476 1504 1516 militum

90 1541 277 1582 laudibus
295 1541 485 1582 cumulat.
544 1542 772 1592 postulante
792 1540 965 1581 exercitu
986 1548 1029 1580 ut
1049 1541 1235 1581 libertum
1256 1555 1372 1581 suurn
1394 1543 1506 1582 Asia·

90 1605 214 1646 ticum
234 1604 409 1659 equestri
427 1606 622 1660 dignitate
642 1608 822 1655 donaret,
846 1606 1098 1647 inhonestam
1119 1608 1391 1648 adulationem
1411 1621 1506 1648 con·
1526 1626 1568 1649 10

89 1671 241 1724 pescit3
281 1671 378 1712 dein
407 1671 632 1712 mobilitate
665 1671 825 1724 ingenii,
858 1673 969 1724 quod
1003 1674 1135 1724 palam
1167 1673 1371 1721 abnuerat,
1403 1672 1506 1713 inter

90 1743 242 1777 secreta
268 1735 442 1778 convivii
475 1737 649 1790 largitur,
678 1737 970 1789 honoravitque
1000 1737 1222 1777 Asiaticum
1253 1739 1394 1787 anulis,
1424 1739 1505 1779 foe-

90 1803 188 1843 dum
208 1801 455 1856 mancipium
475 1810 516 1844 et
535 1803 649 1843 malis
669 1803 819 1843 artibus
838 1802 1108 1843 ambitiosum.

254 1868 392 1909 Isdem
422 1868 567 1910 diebus
597 1868 812 1909 accessisse
851 1868 1029 1920 partibus
1063 1876 1273 1921 utramque
1306 1871 1505 1910 Maureta·
1522 1871 1574 1920 58

90 1932 214 1984 niam,
231 1933 441 1975 interfecto
468 1941 724 1986 procuratore
745 1933 908 1982 Albino,
930 1934 1061 1974 nuntii
1090 1947 1245 1975 venere.
1306 1936 1503 1976 Lucceius

90 1999 262 2040 Albinus
293 2012 320 2040 a
352 2001 516 2040 Nerone
549 1999 825 2040 Mauretaniae
861 2000 1108 2041 Caesariensi
1143 2001 1405 2052 praepositus,
1436 2003 1503 2041 ad-

135 2103 199 2147 56.
225 2114 247 2146 3
270 2104 425 2138 omnelas
444 2103 488 2136 M
616 2106 638 2138 8
662 2105 714 2147 et]
731 2105 785 2137 vel
808 2104 951 2139 Wurm:
968 2111 1027 2138 aut
1042 2105 1151 2138 thter
1306 2118 1347 2139 10
1369 2107 1501 2139 alienae

89 2148 223 2181 alienae
239 2148 283 2180 M
414 2159 452 2181 11
477 2153 609 2181 tantum
626 2149 788 2193 peditum}
807 2150 865 2183 M:
890 2154 987 2182 tanta
1006 2151 1159 2192 peditum
1174 2150 1360 2192 Acidalaffus
1376 2151 1498 2192 Halm,

89 2193 150 2225 sed
160 2192 245 2234 conf
265 2193 365 2226 c.81.
384 2203 424 2233 14

134 2243 193 2279 57.
219 2248 240 2278 4
263 2237 419 2280 nomina]
437 2237 571 2269 numeri
588 2236 767 2270 Acidalius
935 2240 958 2270 6
979 2239 1134 2271 exercitu
1150 2238 1229 2272 add.
1245 2239 1411 2281 Heraeus,
1429 2250 1497 2271 om.

131 2281 228 2323 et,si
249 2281 349 2323 signa
381 2280 548 2323 quaedam
571 2281 606 2313 in
630 2281 730 2314 codice
753 2282 872 2324 i'nceplt
891 2282 982 2314 verbi
1005 2284 1177 2315 exercitus
1193 2287 1320 2315 exstare
1337 2284 1503 2325 perspexrl

89 2304 267 2357 andresen
403 2336 444 2357 10
467 2325 647 2358 inhonesta
663 2325 707 2357 M
853 2337 892 2358 12
916 2327 1028 2359 convii
1046 2327 1087 2359 M
1189 2328 1434 2368 honoravitque
1450 2327 1498 2359 ed.

89 2366 276 2411 Spnnnstls.
301 2370 527 2411 oneravitque
545 2370 606 2402 M:
629 2370 829 2411 ornavitque
845 2370 906 2403 det.

135 2411 197 2456 58.
223 2423 244 2444 2
266 2412 381 2446 alvino
398 2413 441 2445 M
470 2425 473 2428 ·
