1748 2826
188 162 246 201 IV
268 162 328 200 66
710 155 987 196 CORNELII
1018 153 1212 193 TACITI

211 288 252 311 10
272 274 444 312 ‘bellum
472 269 723 320 sumpsimus,
749 274 791 306 ut
821 266 958 306 Batavi
987 273 1025 305 et
1053 264 1203 304 Treviri
1231 264 1414 316 gentibus
1441 263 1660 315 imperent:

269 338 407 389 procul
435 337 534 375 haec
562 348 586 373 a
614 332 731 372 nobis
761 330 1001 382 adrogantia.
1059 328 1226 380 accipite
1255 328 1512 369 societatem:
1541 335 1661 367 trans-

269 401 425 453 gredior
444 401 495 439 ad
515 412 597 446 vos,
619 411 689 437 seu
715 410 779 436 me
806 397 951 435 ducem
979 408 1048 433 seu
1076 394 1242 433 militem
1269 393 1476 432 mavultis!
1531 405 1662 433 move-

271 467 384 506 batur
403 466 541 514 vulgus
561 462 867 511 condebantque
887 460 1049 510 gladios,
1072 471 1163 497 cum
1184 458 1412 509 Campanus
1430 471 1478 497 ac
1499 459 1663 497 Iuvena-

270 530 317 570 lis
346 543 369 569 e
396 528 634 580 primoribus
661 527 913 576 Tungrorum
947 523 1169 562 universam
1197 522 1234 562 ei
1261 530 1420 574 gentem
1449 522 1663 572 dedidere3

214 612 251 645 15
272 594 410 634 Labeo
437 600 652 643 antequam
680 590 1028 629 circumveniretur
1055 587 1238 638 profugit.
1295 587 1430 628 Civilis
1459 588 1663 628 Baetasios

271 671 433 710 quoque
464 671 510 697 ac
550 655 716 696 Nervios
750 653 792 692 in
825 655 945 693 fidem
979 660 1164 704 acceptos
1197 651 1322 703 copiis
1355 651 1435 691 suis
1472 653 1660 699 adiunxit,

271 724 412 775 ingens
449 734 588 768 rerum,
629 719 818 771 perculsis
856 717 1058 757 civitatum
1099 716 1240 756 animis
1278 718 1340 756 vel
1378 723 1519 768 sponte
1556 716 1664 756 incli-

271 788 471 828 nantibus.

200 854 255 902 67
435 854 592 892 Interea
621 848 747 888 Iulius
776 848 946 888 Sabinus
974 847 1158 900 proiectis
1187 847 1356 887 foederis
1384 847 1559 887 Romani
1583 861 1665 888 mo-

273 917 473 957 numentis
494 917 706 956 Caesarem
734 927 778 953 se
805 912 963 952 salutari
990 913 1101 951 iubet
1129 925 1393 963 magnamque
1421 919 1461 951 et
1487 911 1665 952 incondi-

273 989 354 1021 tam
380 979 630 1032 popularium
654 978 812 1018 turbam
836 978 876 1016 in
897 978 1102 1027 Sequanos
1127 976 1238 1027 rapit,
1263 977 1549 1016 conterminam
1576 976 1666 1016 civi-

273 1053 395 1085 tatem
429 1051 468 1084 et
499 1043 615 1084 nobis
649 1044 795 1091 fidam3
832 1054 906 1081 nec
946 1039 1118 1091 Sequani
1155 1042 1420 1080 detractavere
1453 1048 1664 1081 certamen.

238 1124 257 1157 5
275 1113 432 1151 fortuna
451 1107 680 1149 melioribus
700 1105 849 1147 adfuit:
883 1104 960 1145 fusi
981 1105 1191 1156 Lingones.
1251 1105 1420 1145 Sabinus
1439 1105 1666 1146 festinatum

275 1183 423 1215 temere
451 1175 643 1225 proelium
671 1171 754 1223 pari
779 1169 991 1211 formidine
1016 1169 1188 1209 deseruit
1201 1184 1213 1220 3
1241 1177 1364 1221 utque
1388 1171 1535 1209 famam
1560 1171 1666 1210 exitii

276 1240 337 1280 sui
366 1241 521 1286 faceret,
547 1238 692 1284 villam,
720 1236 763 1275 in
790 1249 910 1287 quam
939 1236 1169 1286 perfugerat,
1200 1233 1398 1283 cremavit,
1428 1234 1508 1274 illic
1532 1237 1668 1274 volun-

277 1304 373 1344 taria
392 1310 520 1343 morte
543 1301 722 1342 interisse
741 1300 924 1340 creditus.
984 1300 1055 1338 sed
1085 1299 1230 1349 quibus
1255 1299 1404 1338 artibus
1429 1298 1668 1351 latebrisque

277 1368 398 1408 vitam
420 1381 490 1418 per
511 1379 656 1406 novem
683 1379 774 1405 mox
801 1377 927 1403 annos
953 1365 1176 1412 traduxerit,
1200 1362 1316 1402 simul
1339 1363 1558 1403 amicorum
1583 1363 1668 1404 eius

220 1449 261 1472 10
278 1430 541 1471 constantiam
564 1438 603 1470 et
632 1429 783 1481 insigne
813 1428 1049 1479 Epponinae
1075 1427 1206 1468 uxoris
1232 1429 1456 1479 exemplum
1483 1441 1556 1467 suo
1578 1429 1669 1468 loco

277 1497 500 1536 reddemus.
558 1494 830 1545 Sequanorum
869 1505 1053 1544 prospera
1090 1492 1176 1532 acie
1214 1491 1307 1532 belli
1345 1493 1515 1543 impetus
1548 1492 1668 1532 stetit.

278 1560 505 1612 resipiscere
542 1558 731 1610 paulatim
769 1556 945 1597 civitates
993 1559 1131 1608 fasque
1177 1564 1217 1597 et
1263 1557 1423 1597 foedera
1463 1555 1667 1607 respicere,

279 1624 522 1677 principibus
552 1622 701 1670 Remis,
733 1621 802 1672 qui
836 1634 904 1672 per
939 1621 1086 1661 Gallias
1120 1621 1276 1661 edixere
1303 1627 1348 1660 ut
1375 1621 1506 1660 missis
1533 1621 1670 1672 legatis

279 1690 321 1730 in
342 1701 555 1729 commune
574 1687 852 1733 consultarent,
874 1685 1032 1725 libertas
1052 1699 1103 1725 an
1123 1699 1198 1736 pax
1217 1687 1397 1736 placeret.

206 1753 262 1792 68
442 1755 495 1792 At
534 1755 689 1791 Rornae
722 1758 866 1790 cuncta
899 1750 940 1789 in
974 1751 1145 1791 deterius
1177 1751 1312 1790 audita
1342 1748 1577 1789 Mucianum
1605 1762 1671 1789 an-

280 1820 438 1870 gebant,
469 1831 520 1857 ne
549 1829 791 1868 quamquam
821 1814 963 1866 egregii
992 1817 1114 1855 duces
1142 1815 1238 1867 (iam
1267 1813 1374 1853 enim
1402 1815 1564 1854 Gallum
1592 1816 1672 1853 An-

281 1883 393 1924 nium
421 1890 460 1923 et
490 1881 674 1921 Petilium
704 1880 900 1921 Cerialem
930 1880 1143 1932 delegerat)
1174 1893 1370 1919 summam
1404 1877 1498 1918 belli
1531 1891 1671 1930 pamm

281 1949 499 1987 tolerarent.
559 1959 633 1985 nec
653 1944 914 1995 relinquenda
939 1945 1032 1984 urbs
1060 1944 1145 1983 sine
1168 1950 1347 1992 rectore,
1383 1949 1423 1982 et
1452 1942 1672 1982 Domitiani

242 2025 261 2058 5
281 2012 500 2051 indomitae
529 2009 713 2049 libidines
743 2008 993 2057 timebantur,
1023 2007 1225 2059 suspectis,
1248 2005 1308 2047 uti
1326 2005 1512 2055 diximus,
1539 2006 1673 2046 Primo

280 2076 458 2114 Antonio
478 2076 664 2125 Varoque
692 2074 819 2113 Arrio.
876 2074 1004 2112 Varus
1033 2071 1288 2124 praetorianis
1315 2070 1564 2124 praepositus
1591 2070 1671 2111 vim

283 2188 323 2217 14
346 2188 365 2209 e
385 2178 403 2208 b
420 2188 427 2208 :
451 2177 482 2208 ei
498 2177 558 2208 M:
584 2186 626 2207 ex
642 2175 685 2208 al.
776 2185 779 2187 ·
837 2183 875 2215 15
899 2176 1061 2207 bettasios
1077 2175 1119 2207 M
1254 2185 1293 2214 17
1317 2173 1444 2215 rerum]
1463 2174 1583 2206 virium
1598 2172 1671 2204 Ru-

274 2221 377 2263 perti:
397 2223 474 2261 post
489 2230 601 2251 rerum
621 2218 698 2250 add.
720 2218 881 2250 tumultus
896 2218 945 2251 ed.
956 2218 1132 2260 Spirensis,
1151 2217 1272 2250 fiducia
1289 2218 1412 2258 Vb'lker,
1430 2217 1672 2249 incrementum

283 2262 487 2296 Cornelissen
601 2261 766 2302 perculsit
784 2262 827 2292 M

324 2306 383 2348 67.
413 2315 428 2337 1
454 2304 617 2346 romalnis
633 2304 683 2343 M,
699 2315 778 2335 corr.
797 2303 854 2335 Ml
985 2314 1006 2344 3
1030 2305 1129 2336 turba
1145 2304 1189 2335 M
1316 2314 1334 2343 7
1357 2302 1446 2345 villa}
1461 2302 1503 2334 M

324 2349 387 2382 68.
413 2359 433 2380 2
457 2359 501 2380 ne
532 2357 733 2388 quamquam
763 2347 950 2379 Mercerus:
989 2357 1203 2388 nequaquam
1230 2346 1273 2378 M
1442 2357 1463 2386 4
1487 2345 1673 2377 tolerarent

281 2391 464 2424 Mercerus:
488 2391 636 2423 tolerare
650 2390 692 2421 M
828 2391 850 2420 6
871 2399 990 2422 varrus
1005 2390 1048 2421 M
1146 2389 1343 2431 praeposito
1359 2388 1402 2420 M
1551 2400 1562 2408 ’
