1748 2826
468 124 878 165 HISTORIARVM
909 123 1083 163 LIBER
1111 124 1149 161 V
1483 123 1520 161 V
1538 130 1566 170 4

273 239 436 290 Moyses
462 250 545 289 quo
573 235 649 276 sibi
680 235 723 279 in
752 243 956 288 posterum
987 243 1149 288 gentem
1183 238 1364 284 firmaret,
1394 249 1519 276 novos
1538 239 1566 280 4

106 302 204 346 ritus
233 303 534 355 contrariosque
571 303 712 343 ceteris
752 302 986 343 mortalibus
1026 302 1183 343 indidit.
1241 304 1406 355 profana
1440 303 1520 343 illic

106 370 244 410 omnia
262 381 366 422 quae
387 370 498 421 apud
521 381 596 408 nos
621 381 744 416 sacra,
767 381 922 408 rursum
948 381 1142 408 concessa
1166 368 1276 419 apud
1302 367 1389 407 illos
1415 381 1519 420 quae

107 434 227 475 nobis
269 435 432 476 incesta.
489 433 660 486 effigiem
702 433 897 482 animalis,
938 446 1020 485 quo
1062 440 1308 473 monstrante
1347 447 1518 474 errorem

106 499 294 552 sitimque
332 502 578 552 depulerant,
615 500 808 552 penetrali
848 513 1062 548 sacravere,
1098 512 1215 539 caeso
1253 499 1375 540 ariete
1413 500 1519 540 velut
1540 509 1558 543 5

105 566 148 606 in
173 565 460 606 contumeliam
485 565 757 615 Hammonis,·
785 565 859 605 bos
883 578 1046 617 quoque
1067 566 1305 614 immolatur,
1328 566 1519 617 quoniam

103 631 291 684 Aegyptii
305 632 413 687 Apin
429 633 581 672 colunt.
630 644 702 672 sue
711 629 916 671 abstinent
929 630 1121 670 memoria
1134 629 1269 679 cladis,
1288 631 1398 682 quod
1414 629 1521 682 ipsos

104 696 261 739 scabies
287 698 497 749 quondam
525 704 762 749 turpaverat,
794 696 859 736 cui
893 696 935 736 id
968 695 1118 735 animal
1146 696 1379 736 obnoxium.
1439 697 1522 735 lon-

103 777 198 816 gam
223 762 324 805 olim
351 765 500 805 famem
525 763 675 805 crebris
701 765 836 804 adhuc
862 763 1020 803 ieiuniis
1047 765 1231 811 fatentur,
1254 770 1294 803 et
1320 770 1520 815 raptarum

103 831 262 882 frugum
286 838 567 882 argumentum
588 829 703 882 panis
725 828 916 869 Iudaicus
943 829 1055 868 nullo
1082 829 1280 869 fermento
1307 829 1518 868 detinetur.
1541 841 1581 865 10

103 895 276 949 septimo
300 897 368 937 die
392 897 519 936 otium
547 895 748 948 placuisse
763 895 904 944 ferunt,
928 894 1023 946 quia
1048 893 1082 934 is
1107 895 1228 934 finem
1253 894 1436 935 laborum
1463 900 1521 934 tu·

103 961 191 1004 lerit
205 975 220 1014 3
246 961 343 1003 dein
370 960 606 1002 blandiente
630 960 773 1001 inertia
800 959 1018 1012 septimum
1044 972 1209 1012 quoque
1233 973 1385 1000 annum
1415 959 1521 1012 igna-

102 1027 192 1069 viae
215 1028 369 1068 datum.
426 1026 494 1068 alii
517 1028 716 1067 honorem
739 1040 834 1067 eum
861 1027 1034 1066 Saturno
1059 1025 1207 1074 haberi,
1230 1039 1300 1066 seu
1326 1025 1522 1078 principia

102 1093 305 1145 religionis
343 1092 595 1140 tradentibus
634 1094 780 1143 Idaeis,
820 1106 923 1144 quos
962 1105 1055 1133 cum
1094 1093 1267 1132 Saturno
1305 1092 1444 1144 pulsos
1480 1099 1520 1133 et

102 1158 336 1200 conditores
361 1158 494 1212 gentis
519 1160 763 1211 accepimus,
793 1172 865 1199 seu
894 1159 1006 1210 quod
1034 1159 1088 1199 de
1121 1165 1276 1210 septem
1309 1157 1516 1206 sideribus,
1542 1173 1580 1206 ¹5

101 1226 192 1277 quis
235 1226 428 1266 mortales
471 1234 674 1279 teguntur,
722 1225 917 1266 altissimo
961 1225 1060 1266 orbe
1106 1233 1146 1267 et
1195 1225 1408 1278 praecipua
1451 1239 1520 1278 po·

100 1291 226 1333 tentia
247 1294 363 1334 stella
380 1292 543 1334 Saturni
562 1293 719 1342 feratur,
740 1306 788 1333 ac
807 1294 998 1345 pleraque
1023 1291 1259 1333 caelestium
1280 1291 1383 1332 viam
1405 1305 1518 1333 suam

101 1365 141 1399 et
161 1371 301 1399 cursus
321 1365 510 1411 septenos
529 1372 601 1412 per
619 1373 809 1400 numeros
829 1371 1068 1399 commeare.

264 1424 323 1464 Hi
354 1425 453 1465 ritus
483 1437 651 1478 quoquo
682 1426 805 1465 modo
839 1424 994 1465 inducti
1027 1423 1266 1477 antiquitate
1297 1425 1519 1465 defendun-
1538 1425 1564 1466 5

99 1498 187 1532 tur:
225 1497 357 1530 cetera
390 1489 582 1540 instituta,
618 1490 775 1532 sinistra
806 1491 935 1539 foeda,
970 1490 1163 1543 pravitate
1194 1492 1363 1532 valuere.
1423 1505 1517 1532 nam

99 1555 297 1608 pessimus
325 1556 498 1608 quisque
525 1556 669 1609 spretis
697 1556 954 1608 religionibus
985 1556 1121 1608 patriis
1153 1556 1301 1597 tributa
1327 1564 1368 1597 et
1397 1558 1538 1609 stipes

99 1623 194 1662 illuc
220 1622 500 1675 congerebant,
529 1624 640 1664 unde
663 1630 804 1663 auctae
834 1624 1077 1662 Iudaeorum
1106 1635 1178 1670 res,
1206 1630 1246 1663 et
1274 1622 1368 1674 quia
1395 1625 1518 1675 apud—

99 1689 211 1741 ipsos
251 1689 351 1729 fides
389 1688 603 1738 obstinata,
647 1687 919 1729 misericordia
958 1687 1000 1728 in
1038 1696 1240 1740 promptu,
1277 1690 1349 1729 sed
1385 1690 1508 1730 adver
1537 1701 1555 1734 5

99 1767 167 1795 sus
197 1754 329 1795 omnis
360 1754 459 1795 alios
493 1754 639 1794 hostile
673 1756 826 1794 odium.
886 1754 1056 1806 separati
1092 1754 1231 1806 epulis,
1262 1754 1423 1796 discreti
1453 1769 1518 1796 cu—

99 1819 262 1869 bilibus,
288 1819 578 1872 proiectissima
602 1821 656 1861 ad
686 1819 897 1860 libidinem
919 1833 1030 1872 gens,
1053 1820 1270 1861 alienarum
1296 1821 1517 1862 concubitu

97 1885 301 1926 abstinent
314 1900 327 1936 3
355 1885 458 1926 inter
478 1899 520 1925 se
540 1887 640 1926 nihil
671 1887 878 1926 inlicitum
939 1886 1225 1927 circumcidere
1252 1885 1439 1950 genitalia
1461 1887 1516 1927 in-

144 1998 181 2034 4.
208 2001 229 2023 2
253 1990 320 2023 illis
336 1989 514 2023 Acr'dalius
662 2003 680 2031 4
707 1990 882 2033 animalis]
900 1996 1058 2033 superscr.
1078 2002 1105 2024 s.
1123 1993 1243 2043 onagri
1260 1991 1318 2023 Μ2

101 2034 281 2077 {penetrali
298 2034 351 2068 M:
377 2035 412 2067 in
429 2034 601 2076 penetrali
617 2035 734 2077 thter,
755 2035 908 2067 Heraeus
1010 2038 1033 2068 6
1057 2037 1218 2077 quoniam
1238 2036 1403 2069 ΟνεΙΙῐεηε
1427 2004 1515 2078 qMS:

97 2089 200 2120 quem
217 2078 286 2120 M2,
306 2077 406 2112 dem:
428 2079 507 2119 quia
522 2078 704 2119 Biponti'm
861 2090 879 2119 7
903 2089 983 2112 sues
999 2080 1050 2120 M,
1068 2091 1148 2112 corr.
1166 2079 1223 2111 M¹
1335 2082 1444 2112 meria
1462 2081 1512 2123 M,

97 2133 180 2155 corr.
198 2120 257 2154 Μ2
395 2132 431 2153 11
457 2122 524 2154 diei
540 2122 584 2154 M
716 2134 756 2164 14
776 2122 893 2155 Idaeis
908 2122 1068 2166 Lr'pstus·
1092 2125 1220 2156 iudaeis
1237 2124 1280 2155 M
1390 2134 1429 2164 15
1454 2125 1513 2167 de]

99 2176 120 2197 e
136 2165 263 2207 Nova'k,
284 2165 354 2199 coll.
373 2165 407 2199 ii.
427 2176 478 2206 74
496 2167 520 2198 6
641 2167 681 2198 16
705 2167 868 2199 mortales
883 2177 939 2199 res
961 2168 1106 2202 qurm.
1131 2179 1187 2201 res
1208 2167 1375 2200 mortales
1389 2167 1511 2209 Halm,

96 2209 256 2242 suadente
270 2208 321 2241 Ni
360 2208 463 2250 erdey,
479 2209 541 2250 qui
552 2211 620 2251 npse
635 2210 792 2243 mortalia
938 2222 975 2251 17
1001 2213 1087 2244 viam
1106 2212 1367 2254 Bezzenberger.
1389 2212 1459 2244 vim
1476 2213 1519 2244 Μ

102 2253 142 2285 ι8
165 2263 301 2286 cursum
312 2213 394 2286 ἴα
515 2258 679 2294 septenos
695 2254 828 2287 Halm.
844 2257 1009 2297 septimos
1026 2256 1075 2296 M,
1094 2256 1213 2288 Meiser
1321 2267 1514 2288 commeare

98 2295 172 2332 dett.
206 2300 238 2329 et
254 2296 407 2338 fortasse
434 2297 482 2329 επὶ·
508 2297 634 2329 volebat
659 2297 744 2330 Ml:
783 2304 1014 2332 commearent
1041 2299 1106 2333 Μ·
1139 2301 1206 2332 vim
1229 2325 1236 2334 .
1254 2306 1513 2341 ..comparent

98 2339 258 2382 Madvig:
282 2340 376 2373 vim.
422 2340 643 2382 ‚compleant
659 2341 790 2375 Halm:
816 2343 929 2377 viam.
976 2349 1195 2376 ‚commeent
1216 2343 1360 2385 Wo'lfflz'n

142 2390 178 2426 5.
204 2394 220 2417 1
244 2384 281 2416 hi
296 2383 347 2418 ed.
363 2383 554 2426 Spinnsis.
578 2385 607 2417 is
622 2385 667 2417 M
761 2367 1000 2427 antiquitatem
1017 2387 1066 2427 Μ,
1086 2398 1166 2420 corr.
1186 2387 1242 2419 M¹
1388 2400 1408 2429 4
1432 2399 1512 2420 con-

97 2427 266 2469 gerebant
280 2426 513 2461 Puteolanus·
536 2428 700 2470 gerebant
717 2429 762 2465 M
869 2441 888 2473 7
913 2431 1182 2472 alienigenarum
1197 2431 1424 2508 Herm-insu*
