1748 2826
476 143 884 202 HISTORIARVM
917 143 1090 181 LIBER
1121 143 1163 181 II
1476 142 1519 180 11
1540 150 1588 190 91

111 257 170 299 vis
189 258 242 298 de
261 257 379 298 rebus
403 262 534 309 patres
560 256 872 296 consulerentur.
921 268 969 295 ac
996 256 1097 295 forte
1123 254 1281 295 Priscus
1309 252 1523 294 Helvidius

111 331 269 376 praetor
286 322 516 375 designatus
544 329 684 362 contra
711 321 889 361 studium
914 321 999 361 eius
1019 328 1237 361 censuerat.
1296 327 1524 360 commotus

109 388 240 440 primo
272 387 468 436 Vitellius,
502 400 586 427 non
624 393 760 426 tamen
797 388 900 426 ultra
933 399 1055 438 quam
1093 386 1275 426 tribunos
1314 385 1443 437 plebis
1480 385 1523 425 in

109 452 300 494 auxilium
320 460 475 506 spretae
501 452 710 506 potestatis
738 450 950 492 advocavit
964 466 976 501 3
1004 465 1098 491 mox
1126 451 1400 503 mitigantibus
1428 450 1524 491 ami·
1544 465 1584 498 15

109 519 178 570 cis,
210 518 282 572 qui
313 518 496 560 altiorem
525 517 774 559 iracundiam
805 517 890 558 eius
921 518 1174 568 verebantur,
1203 517 1304 558 nihil
1337 517 1431 558 novi
1461 531 1523 558 ac-

109 584 255 626 cidisse
282 584 490 637 respondit
517 586 630 637 quod
661 586 745 625 duo
778 590 983 624 senatores
1010 583 1052 624 in
1080 598 1122 624 re
1151 584 1313 636 publica
1340 583 1522 624 dissenti-

108 658 196 692 rent
209 665 222 702 3
249 650 411 691 solitum
439 665 484 691 se
509 651 631 692 etiam
661 652 863 690 Thraseae
892 657 1031 690 contra
1058 650 1202 690 dicere.
1252 648 1414 690 inrisere
1442 651 1522 702 ple-

108 708 221 768 rique
239 716 533 769 impudentiam
551 715 829 757 aemulationis
844 730 855 765 3
883 715 969 756 aliis
988 715 1031 756 id
1055 715 1186 769 ipsum
1205 716 1390 768 placebat
1409 717 1521 767 quod

108 781 311 822 nerninem
344 796 393 823 ex
422 781 761 835 praepotentibus,
793 782 866 822 sed
897 782 1117 822 Thraseam
1147 783 1200 822 ad
1231 782 1431 834 exemplar
1458 795 1522 822 ve·
1541 797 1582 821 20

108 859 174 888 rae
191 845 340 899 gloriae
358 847 528 899 legisset.

254 915 541 965 Praeposuerat
546 913 805 965 praetorianis
814 912 1032 953 Publilium
1042 912 1237 953 Sabinum
1244 914 1522 965 apraefectura
1541 923 1596 962 92

107 978 294 1028 cohortis,
317 978 466 1019 Iulium
495 978 677 1018 Priscum
706 986 792 1019 tum
820 979 1119 1019 centurionem:
1150 979 1307 1019 Priscus
1326 978 1518 1027 Valentis,

108 1043 280 1084 Sabinus
318 1043 518 1086 Caecinae
554 1043 678 1096 gratia
714 1044 920 1096 pollebant
934 1059 945 1094 3
985 1044 1087 1085 inter
1124 1044 1319 1085 discordis
1356 1044 1521 1085 Vitellio

107 1110 208 1151 nihil
234 1110 462 1151 auctoritas.
519 1110 658 1150 munia
691 1109 845 1162 imperii
877 1109 1053 1151 Caecina
1084 1123 1132 1150 ae
1160 1111 1310 1150 Valens
1337 1109 1518 1159 obibant,

108 1176 205 1218 olim
231 1175 339 1217 anxii
367 1175 485 1226 odiis,
514 1188 620 1227 quae
650 1175 757 1215 bello
788 1182 828 1215 et
857 1175 994 1215 castris
1023 1176 1128 1215 male
1157 1174 1406 1215 dissimulata
1436 1188 1521 1227 pra-
1538 1190 1558 1224 5

106 1242 207 1282 vitas
238 1241 461 1282 amicorum
483 1247 526 1281 et
549 1238 724 1280 fecunda
751 1240 961 1292 gignendis
992 1239 1210 1280 inimicitiis
1239 1240 1377 1281 civitas
1403 1254 1522 1282 auxe-
1549 1282 1552 1284 ,

107 1314 179 1355 rat,
198 1307 296 1347 dum
320 1306 476 1346 ambitu
500 1305 694 1346 comitatu
715 1312 755 1345 et
780 1305 986 1346 immensis
1009 1306 1267 1346 salutantium
1293 1306 1520 1358 agminibus

106 1373 357 1414 contendunt
385 1378 759 1425 comparanturque,
793 1371 907 1412 variis
934 1371 976 1411 in
1005 1373 1114 1412 hunc
1143 1379 1212 1412 aut
1236 1372 1350 1412 illum
1370 1372 1521 1412 Vitellii

106 1437 459 1487 inclinationibus3
498 1451 574 1478 nec
606 1451 800 1490 umquam
834 1438 929 1478 satis
962 1439 1044 1479 fida
1072 1440 1262 1490 potentia,
1297 1438 1368 1479 ubi
1398 1439 1522 1479 nimia

105 1511 190 1545 est:
227 1503 347 1544 simul
375 1503 509 1556 ipsum
536 1503 760 1552 Vitellium,
795 1503 938 1544 subitis
975 1504 1139 1545 offensis
1176 1512 1245 1544 aut
1278 1504 1523 1557 intempesti-
1544 1521 1584 1548 ιο

105 1570 165 1612 vis
183 1569 391 1612 blanditiis
410 1570 659 1620 mutabilem,
674 1570 992 1610 contemnebant
1012 1570 1337 1623 metuebantque.
1381 1585 1458 1611 nec
1472 1585 1522 1612 eo

105 1636 267 1690 segnius
303 1637 532 1678 invaserant
558 1639 706 1678 domos
744 1637 880 1677 hortos
914 1649 1094 1688 opesque
1131 1636 1298 1689 imperii,
1331 1650 1424 1677 eum
1457 1638 1523 1677 fle-

105 1704 198 1746 bilis
225 1711 268 1746 et
295 1717 417 1756 egens
444 1703 643 1744 nobilium
672 1703 799 1752 turba,
833 1716 935 1755 quos
969 1703 1077 1754 ipsos
1111 1703 1339 1754 liberosque
1372 1703 1522 1755 patriae

66 1799 70 1804 -
105 1769 238 1812 Galba
283 1769 522 1819 reddiderat,
572 1770 682 1809 nulla
728 1768 917 1821 principis
965 1767 1236 1809 misericordia
1282 1768 1520 1809 iuvarentur.

105 1843 263 1890 gratum
290 1834 532 1887 primoribus
559 1834 730 1875 civitatis
760 1834 880 1874 etiam
907 1834 1023 1885 plebs
1051 1834 1299 1885 adprobavit,
1329 1836 1439 1886 quod
1466 1849 1523 1875 re·
1543 1850 1582 1883 15

105 1900 228 1942 versis
259 1901 312 1941 ab
345 1899 465 1941 exilio
496 1899 582 1940 iura
612 1900 846 1940 libertorum
877 1899 1152 1948 concessisset,
1193 1913 1439 1952 quamquam
1479 1900 1522 1941 id

107 1966 219 2008 omni
256 1967 382 2006 modo
418 1965 575 2006 servilia
611 1964 772 2017 ingenia
805 1964 1127 2016 corrumpebant,
1162 1965 1310 2005 abditis
1340 1965 1522 2016 pecuniis

106 2046 177 2085 per
201 2033 382 2072 occultos
406 2038 477 2072 aut
498 2031 734 2071 ambitiosos
763 2030 884 2079 sinus,
907 2037 947 2070 et
976 2029 1142 2082 quidam
1166 2029 1208 2070 in
1231 2031 1399 2071 domum
1425 2032 1523 2072 Cae-

107 2098 203 2139 saris
222 2096 453 2149 transgressi
472 2104 594 2149 atque
612 2096 708 2148 ipsis
728 2095 903 2136 dominis
923 2095 1182 2147 potentiores.

271 2163 352 2203 Sed
386 2162 513 2212 miles,
546 2162 675 2214 plenis
715 2161 852 2202 castris
886 2168 926 2201 et
956 2162 1209 2202 redundante
1251 2160 1519 2211 multitudine,
1541 2172 1598 2212 93

110 2277 151 2301 12
173 2266 446 2308 consularenltur
459 2263 503 2297 M
631 2276 677 2298 20
702 2264 880 2307 exemplar
894 2277 936 2298 ex
949 2265 1088 2307 explum
1104 2277 1184 2298 corr,
1205 2265 1263 2297 M¹

152 2318 217 2353 92.
246 2321 262 2343 1
289 2309 471 2343 Publilium
489 2308 611 2351 Halm,
631 2321 672 2341 ex
686 2309 732 2342 iii.
749 2310 816 2350 36:
842 2310 995 2351 publium
1013 2309 1056 2340 M
1137 2320 1157 2342 a
1180 2309 1368 2341 Mercerus:
1402 2310 1443 2341 ad
1460 2309 1520 2342 M:

107 2355 151 2388 ab
162 2355 275 2388 Ritter
390 2364 411 2385 ε
434 2358 505 2386 tum
523 2354 760 2386 centurionem
773 2354 913 2396 Lipsius
930 2366 937 2386 ι
962 2354 1040 2386 dum
1051 2354 1208 2386 centurio
1224 2360 1243 2386 e
1261 2353 1304 2384 M
1316 2365 1324 2385 :
1346 2353 1426 2386 olim
1440 2364 1519 2386 cen-

107 2399 281 2432 turionem
301 2397 376 2430 Van
388 2397 447 2430 der
464 2397 545 2429 Vliet
