1748 2826
160 137 218 175 IV
237 147 287 187 25
685 139 959 180 CORNELII
990 140 1186 180 TACITI

238 250 352 290 iussis
379 264 553 302 paruere.
612 252 714 292 exim
744 265 941 292 consensu
966 254 1109 293 ducem
1137 254 1333 293 Voculam
1359 251 1627 306 poscentibus,

179 330 218 362 25
239 318 404 356 Flaccus
426 331 622 357 summam
643 331 772 357 rerum
793 317 827 357 ei
849 318 1036 369 permisit.

163 383 219 420 26
401 384 480 422 Sed
519 382 711 423 discordis
747 382 902 422 animos
947 385 1072 423 multa
1110 385 1349 425 efferabant:
1395 383 1531 435 inopia
1567 383 1631 424 sti-

238 446 373 497 pendii
394 447 660 499 frumentique
680 456 718 487 et
738 447 854 487 simul
875 449 1064 488 dilectum
1084 449 1310 501 tributaque
1330 449 1482 490 Galliae
1504 461 1631 500 asper-

239 518 391 561 nantes,
421 513 589 552 Rhenus
622 512 823 563 incognita
859 512 914 552 illi
947 515 1060 553 caelo
1088 513 1264 553 siccitate
1287 513 1351 553 vix
1378 513 1539 552 navium
1567 525 1631 565 pa-

239 576 351 625 tiens,
380 579 451 616 arti
480 585 736 625 commeatus,
759 577 974 628 dispositae
1001 591 1071 629 per
1098 591 1261 618 omnem
1289 579 1414 629 ripam
1443 577 1631 617 stationes

204 651 221 683 5
240 654 342 692 quae
377 643 597 682 Germanos
631 643 734 682 vado
768 650 954 690 arcerent,
996 644 1218 693 eademque
1257 644 1308 682 de
1345 655 1464 682 causa
1500 640 1631 681 minus

240 705 394 754 frugum
424 712 463 744 et
491 706 621 755 plures
650 704 719 755 qui
747 712 1036 744 consumerent.
1093 706 1201 756 apud
1228 705 1431 756 imperitos
1464 702 1632 755 prodigii

1740 115 1748 139 4

239 770 329 808 loco
348 769 614 820 accipiebatur
642 768 727 820 ipsa
751 782 941 820 aquarum
969 770 1143 820 penuria,
1166 776 1369 820 tamquam
1395 781 1468 808 nos
1494 775 1646 808 amnes

239 847 400 886 quoque
420 842 458 874 et
478 842 608 874 vetera
627 833 780 886 imperii
801 834 1046 874 munimenta
1066 836 1290 874 desererent
1308 850 1316 874 :
1345 834 1455 885 quod
1474 833 1515 872 in
1535 845 1634 884 pace

239 901 318 939 fors
339 913 407 939 seu
427 897 576 947 natura,
598 907 694 938 tunc
713 901 837 938 fatum
858 906 897 938 et
923 899 978 938 ira
997 899 1062 938 dei
1083 899 1308 938 vocabatur.

182 978 222 1002 10
295 964 485 1015 Ingressis
520 964 764 1003 Novaesium
796 971 905 1004 sexta
938 964 1094 1003 decima
1127 964 1229 1014 legio
1248 963 1510 1015 coniungitur.
1567 955 1634 1002 ad-

240 1026 345 1066 ditus
366 1028 543 1066 Voculae
569 1026 611 1065 in
640 1034 790 1077 partem
821 1040 1001 1065 curarum
1032 1026 1261 1065 Herennius
1290 1027 1428 1066 Gallus
1457 1026 1608 1076 legatus
1622 1039 1635 1073 3

241 1104 315 1130 nec
344 1091 429 1131 ausi
461 1093 513 1131 ad
544 1093 699 1131 hostem
731 1105 890 1142 pergere
924 1108 944 1126 ψ
975 1108 996 1126 ³⁶
1030 1091 1136 1142 (loco
1167 1091 1354 1131 Gelduba
1380 1102 1529 1130 nomen
1557 1089 1633 1140 est)

239 1163 366 1195 castra
402 1157 541 1196 fecere.
600 1156 655 1196 ibi
693 1157 880 1196 struenda
912 1155 1007 1204 acie,
1042 1155 1260 1195 muniendo
1292 1155 1558 1205 vallandoque
1595 1162 1634 1194 et

240 1221 378 1260 ceteris
410 1222 502 1260 belli
532 1221 825 1261 meditamentis
860 1221 1023 1260 militem
1055 1221 1276 1260 firmabant.
1333 1226 1458 1270 utque
1489 1220 1635 1270 praeda

183 1299 221 1331 15
240 1287 291 1325 ad
324 1286 506 1326 virtutem
545 1288 836 1333 accenderetur,
871 1285 912 1324 in
949 1285 1148 1337 proximos
1187 1286 1460 1336 Cugernorum
1498 1296 1631 1335 pagos,

241 1351 307 1402 qui
336 1352 565 1391 societatem
593 1351 729 1391 Civilis
755 1357 1001 1402 acceperant,
1023 1351 1166 1390 ductus
1192 1362 1215 1388 a
1235 1349 1390 1388 Vocula
1415 1347 1635 1396 exercitus3

241 1430 328 1468 pars
349 1429 440 1455 cum
463 1416 670 1455 Herennio
691 1417 806 1455 Gallo
826 1416 1049 1467 permansit.

172 1489 223 1529 27
403 1484 521 1522 Forte
556 1495 697 1520 navem
736 1482 844 1520 haud
881 1482 1018 1532 procul
1051 1480 1198 1529 castris,
1231 1481 1430 1519 frumento
1461 1491 1632 1530 gravem,

241 1562 333 1588 cum
362 1560 430 1598 per
461 1548 562 1586 vada
589 1545 790 1594 haesisset,
823 1545 1010 1585 Germani
1044 1545 1086 1584 in
1114 1558 1226 1584 suam
1259 1545 1384 1596 ripam
1412 1543 1632 1584 trahebant.

242 1627 323 1652 non
350 1612 438 1651 tulit
468 1613 604 1651 Gallus
635 1610 819 1662 misitque
848 1610 1026 1650 subsidio
1052 1611 1283 1649 cohortem:
1314 1616 1453 1648 auctus
1477 1616 1516 1648 et
1543 1608 1636 1647 Ger-

245 1690 453 1717 manorum
495 1689 694 1724 numeruS,
734 1675 1004 1727 paulatimque
1049 1674 1351 1726 adgregantibus
1397 1686 1440 1712 se
1484 1671 1636 1717 auxiliis

209 1757 226 1788 5
246 1743 331 1783 acie
349 1749 550 1782 certatum.
610 1741 798 1781 Germani
824 1742 948 1779 multa
975 1753 1066 1779 curn
1093 1747 1219 1791 strage
1247 1746 1469 1779 nostrorum
1494 1749 1636 1777 navem

246 1807 456 1858 abripiunt.
512 1805 615 1854 victi,
638 1807 747 1856 quod
768 1813 852 1844 tum
873 1805 914 1844 in
934 1818 1084 1844 morem
1105 1811 1280 1852 verterat,
1298 1817 1381 1843 non
1401 1816 1512 1842 suam
1533 1802 1637 1853 igna-

244 1873 357 1921 viam,
381 1873 451 1911 sed
480 1871 686 1922 perfidiam
710 1870 826 1922 legati
853 1870 1077 1921 culpabant.
1135 1876 1376 1920 protractum
1405 1881 1428 1908 e
1453 1866 1634 1915 tentorio,

244 1936 363 1976 scissa
396 1943 514 1984 veste,
549 1936 754 1974 verberato
788 1948 963 1985 corpore,
997 1948 1077 1985 quo
1110 1934 1247 1985 pretio,
1283 1933 1428 1984 quibus
1466 1930 1636 1971 consciis

244 2000 480 2052 prodidisset
512 2000 737 2048 exercitum,
771 2000 903 2040 dicere
937 2000 1086 2039 iubent.
1141 1999 1242 2038 redit
1278 1997 1319 2037 in
1355 1995 1636 2036 Hordeonium

244 2117 286 2146 24
311 2116 513 2138 consensum
529 2106 577 2146 M,
596 2116 675 2137 corr.
694 2105 751 2136 Ml
883 2114 925 2144 25
949 2106 1087 2135 flaccum
1105 2102 1146 2133 M
1313 2145 1318 2150 Ι
1427 2144 1434 2151 .

288 2149 347 2182 26.
379 2160 393 2180 1
419 2149 606 2180 efferabant
622 2147 807 2180 Beroaldus
822 2159 829 2179 :
853 2148 1040 2179 efferebant
1055 2147 1098 2178 M
1210 2156 1232 2186 9
1254 2146 1288 2176 di
1304 2156 1324 2176 ι.
1337 2155 1363 2176 e.
1381 2145 1436 2176 dei
1451 2143 1513 2175 M:
1536 2144 1636 2174 deum

244 2192 433 2234 Nipperdey,
446 2192 557 2224 Halm
693 2202 732 2223 10
754 2192 928 2223 novesium
944 2191 987 2222 M
1126 2200 1164 2221 12
1187 2189 1345 2220 lacunam
1361 2187 1488 2219 notavit
1504 2185 1634 2225 Wurm,

244 2238 320 2268 haec
332 2237 405 2276 fere
427 2236 584 2277 supplens
610 2236 652 2267 ad
679 2235 834 2275 quintum
858 2234 916 2277 (ad
941 2234 1078 2266 tertium
1105 2232 1271 2264 decimum
1298 2231 1379 2262 com'.
1401 2230 1570 2270 Heraeus)
1593 2229 1636 2260 ab

247 2280 420 2311 Novaesio
442 2279 587 2319 lapidem
610 2279 681 2310 cui:
702 2282 782 2320 post
803 2278 878 2310 loco
901 2277 1030 2309 addidit
1050 2277 1103 2308 cui
1124 2276 1184 2308 det.
1204 2287 1210 2307 :
1242 2275 1318 2306 loco
1333 2273 1487 2306 Gelduba
1509 2282 1636 2305 nomen

245 2329 298 2356 est
314 2324 383 2355 secl.
402 2322 510 2354 Ritter
653 2331 691 2361 15
714 2321 949 2361 Cugernorum
965 2319 1163 2362 Nipperdey:
1188 2327 1416 2359 gugernorum
1431 2315 1476 2348 M
1597 2315 1638 2347 16

244 2378 264 2399 a
279 2378 344 2399 om.
363 2367 404 2398 M
536 2376 574 2405 17
599 2365 761 2396 remansit
775 2364 966 2406 Nipperdey,
984 2363 1096 2395 Halm

289 2417 344 2453 27.
369 2412 391 2442 6
415 2409 579 2450 arripiunt
595 2408 644 2450 M,
662 2419 742 2440 corr.
760 2408 816 2440 M1
907 2407 1056 2439 Imorem
1071 2406 1115 2438 M
