1748 2826
174 148 192 197 1
212 157 262 195 72
654 149 930 189 CORNELII
960 150 1157 190 TAc1T1

212 257 304 295 darn
339 259 472 308 ignaro
510 270 644 306 ausus,
679 271 727 297 ac
764 265 966 309 postremo
1005 257 1183 297 eiusdem
1221 258 1397 298 desertor
1433 270 1480 297 ae
1518 269 1605 309 pro-

211 320 337 360 ditor:
367 323 475 362 unde
502 335 584 361 non
612 321 732 360 alium
766 321 1004 372 pertinacius
1037 323 1089 360 ad
1119 335 1290 373 poenam
1319 321 1603 373 flagitaverunt,

211 385 366 425 diverso
385 388 556 435 adfectu,
577 386 723 438 quibus
750 387 887 426 odium
920 386 1089 426 Neronis
1116 386 1240 426 inerat
1265 395 1305 427 et
1331 386 1477 438 quibus
1504 386 1606 427 desi-

154 464 192 486 10
211 450 375 490 derium.
419 453 526 502 apud
546 452 716 491 Galbam
738 451 818 489 Titi
839 451 944 489 Vinii
966 451 1144 502 potentia
1163 452 1359 499 defensus,
1382 457 1606 502 praetexen—

211 515 260 554 tis
289 523 480 554 servatam
509 516 561 555 ab
590 529 639 555 eo
668 515 800 554 filiam.
859 516 967 555 haud
1000 515 1122 555 dubie
1155 522 1383 564 servaverat,
1416 529 1499 555 non
1531 516 1606 556 cle-

211 579 368 626 mentia,
395 579 543 631 quippe
572 587 630 619 tot
659 579 884 628 interfectis,
915 581 986 619 sed
1015 581 1203 631 effugium
1234 579 1275 618 in
1305 581 1490 629 futurum,
1512 579 1607 632 quia

211 644 404 695 pessimus
430 644 599 695 quisque
627 644 847 684 diffidentia
875 643 1139 695 praesentium
1167 644 1427 684 mutationem
1457 657 1605 696 pavens

210 710 396 748 adversus
426 709 631 760 publicum
658 708 797 748 odium
827 708 1018 760 privatam
1045 708 1210 759 gratiam
1239 716 1468 761 praeparat:
1497 709 1606 749 unde

154 785 190 817 15
211 775 318 812 nulla
355 772 608 820 innocentiae
645 787 739 812 cura
776 774 847 813 sed
880 774 984 813 vices
1023 773 1278 824 impunitatis.
1336 787 1386 814 eo
1418 773 1608 814 infensior

210 839 391 888 populus,
425 837 562 877 addita
588 838 641 877 ad
672 845 783 876 vetus
817 837 1002 888 Tigellini
1033 837 1171 877 odium
1203 837 1350 877 recenti
1383 838 1465 878 Titi
1497 838 1607 878 Vinii

211 901 369 950 invidia,
391 915 624 942 concurrere
656 916 704 942 ex
735 909 818 942 tota
848 902 946 941 urbe
977 902 1016 940 in
1050 901 1244 941 Palatium
1272 916 1319 941 ac
1347 903 1431 942 sora
1458 909 1511 951 et,
1537 901 1607 942 ubi

211 965 379 1016 plurima
412 966 517 1018 vulgi
551 966 720 1014 licentia,
754 966 795 1005 in
830 966 977 1005 circum
1009 979 1056 1005 ac
1087 967 1239 1005 theatra
1267 966 1380 1006 effusi
1409 963 1607 1007 seditiosis

213 1030 376 1070 vocibus
405 1038 590 1083 strepere,
610 1032 740 1071 donec
770 1030 989 1083 Tigellinus
1016 1039 1183 1082 accepto
1210 1032 1319 1082 apud
1348 1030 1608 1072 Sinuessanas

154 1110 195 1133 20
213 1108 335 1146 aquas
356 1109 562 1147 supremae
582 1096 826 1136 necessitatis
848 1095 990 1135 nuntio
1016 1096 1117 1135 inter
1140 1103 1274 1147 stupra
1293 1095 1607 1136 concubinarum

213 1168 252 1199 et
271 1162 407 1200 oscula
426 1168 465 1200 et
484 1161 672 1201 deformis
699 1174 828 1201 moras
856 1161 971 1200 sectis
999 1162 1192 1200 novacula
1218 1160 1398 1201 faucibus
1418 1159 1606 1200 infamem

213 1225 332 1265 vitam
353 1225 524 1265 foedavit
545 1226 663 1265 etiam
684 1225 789 1265 exitu
810 1239 897 1265 sero
918 1234 956 1265 et
976 1225 1198 1265 inhonesto.

141 1299 192 1338 73
373 1292 446 1329 Per
483 1290 590 1330 idem
629 1298 786 1341 tempus
825 1292 1072 1341 expostulata
1107 1291 1160 1330 ad
1194 1288 1432 1340 supplicium
1470 1289 1608 1330 Calvia

213 1351 437 1404 Crispinilla
487 1354 602 1394 variis
651 1354 967 1394 frustrationibus
1019 1361 1058 1394 et
1109 1355 1273 1393 adversa
1322 1353 1606 1394 dissimulantis

211 1418 397 1469 principis
422 1420 525 1458 fama
548 1410 724 1470 periculo
751 1427 933 1470 exempta
958 1425 1027 1458 est.
1079 1418 1263 1469 magistra
1287 1417 1499 1458 libidinum
1526 1420 1605 1458 Ne-

212 1482 328 1531 ronis,
361 1490 598 1534 transgressa
632 1483 673 1522 in
706 1483 881 1523 Africam
909 1484 962 1523 ad
995 1482 1265 1534 instigandum
1312 1481 1352 1521 in
1372 1495 1482 1522 arma
1515 1484 1606 1524 Clo-

173 1563 190 1595 5
212 1547 322 1586 dium
355 1549 549 1595 Macrum,
570 1549 716 1587 famem
742 1549 892 1599 populo
918 1549 1104 1587 Romano
1130 1548 1238 1586 haud
1258 1547 1426 1586 obscure
1453 1547 1604 1596 molita,

211 1611 332 1651 totius
362 1618 500 1662 postea
529 1610 697 1651 civitatis
721 1611 885 1663 gratiam
912 1611 1096 1659 obtinuit,
1127 1609 1324 1650 consulari
1350 1611 1605 1652 matrimonio

213 1675 378 1714 subnixa
411 1683 450 1715 et
487 1677 596 1727 apud
627 1677 798 1716 Galbam
837 1677 1042 1716 Othonem
1073 1675 1279 1714 Vitellium
1322 1674 1480 1723 inlaesa,
1513 1689 1606 1717 mox

213 1747 354 1791 potens
383 1740 551 1791 pecunia
579 1747 619 1780 et
652 1740 830 1788 orbitate,
861 1753 964 1791 quae
994 1740 1110 1780 bonis
1138 1739 1331 1791 malisque
1359 1740 1604 1792 temporibus

213 1804 319 1843 iuxta
338 1806 479 1845 valent.
1018 1814 1023 1818 '

141 1879 192 1917 74
375 1871 546 1910 Crebrae
573 1871 727 1911 interim
758 1879 797 1911 et
826 1871 1083 1911 muliebribus
1118 1867 1400 1909 blandimentis
1434 1867 1604 1908 infectae

211 1935 263 1973 ab
301 1935 463 1974 Othone
500 1936 551 1974 ad
589 1936 792 1975 Vitellium
835 1937 1026 1987 epistulae
1064 1934 1281 1973 offerebant
1319 1932 1530 1984 pecuniam
1564 1939 1604 1971 et

211 1998 374 2049 gratiam
403 2006 442 2038 et
471 2012 764 2051 quemcumque
793 2015 810 2039 e
838 1999 981 2051 quietis
1010 1998 1106 2039 locis
1136 1997 1323 2049 prodigae
1357 1996 1460 2036 vitae
1493 1997 1604 2047 legis-

214 2112 231 2141 7
255 2101 312 2142 ac]
336 2106 370 2132 at
400 2102 441 2132 ab
603 2104 623 2133 8
648 2103 844 2143 flagitavere
875 2102 918 2134 al.
1086 2111 1126 2132 10
1149 2099 1310 2131 defensus
1342 2102 1394 2130 est
1422 2096 1605 2139 Nipperdey

215 2155 250 2176 11
277 2150 311 2176 et
327 2145 416 2176 haud
435 2145 537 2176 dubie
553 2146 595 2177 al.
746 2157 782 2187 17
808 2157 852 2178 ex
868 2151 939 2177 tota
954 2144 1106 2176 Heraeus
1120 2155 1128 2176 :
1162 2154 1181 2174 e
1198 2147 1269 2175 tota
1285 2142 1328 2174 al.
1345 2153 1352 2174 :
1385 2141 1419 2173 in
1435 2141 1600 2182 palatium

213 2193 246 2219 et
262 2193 331 2220 tota
353 2188 435 2219 urbe
452 2189 493 2219 ab
649 2190 687 2220 18
710 2190 764 2231 ac]
783 2195 816 2221 et
833 2190 851 2221 b
969 2187 1196 2219 seditionibus
1212 2186 1266 2226 ab,
1283 2195 1359 2217 corr.
1380 2184 1413 2215 Ι)2
1561 2194 1602 2224 19

213 2232 412 2272 obstrepere
429 2233 472 2264 al.
1542 2269 1548 2276 ⁶

257 2282 311 2316 73.
342 2286 355 2306 1
383 2275 497 2307 Calvia
523 2275 677 2317 Lipsius:
710 2276 817 2316 galvia
842 2286 887 2307 a:
922 2274 1061 2306 Gallura
1088 2274 1107 2304 b
1245 2282 1265 2311 5
1289 2276 1322 2303 et
1351 2271 1472 2302 samem
1497 2269 1606 2301 Rntter

255 2320 369 2350 innixa
385 2319 426 2351 al.

213 2329 231 2358 7
256 2369 314 2404 74.
342 2374 362 2394 2
385 2362 505 2403 epulae
522 2363 597 2393 item
612 2362 730 2402 epulas
746 2373 774 2394 v.
798 2372 836 2402 13
852 2362 893 2392 ab
979 2359 1166 2392 offerebant
1181 2358 1389 2390 Rhenanus:
1412 2355 1600 2387 offereban-

212 2410 268 2437 tur
282 2406 323 2437 ab
431 2417 451 2446 3
474 2416 689 2446 quaecunque
705 2406 746 2437 ab
812 2416 831 2436 e
848 2404 922 2437 add.
942 2402 1082 2444 Madvig
1146 2401 1228 2433 locis
1244 2401 1284 2433 ab
1350 2409 1599 2440 quemcumque

213 2450 335 2490 quietis
351 2449 459 2481 locum
475 2449 517 2481 al.
534 2453 563 2480 et
577 2449 675 2490 vulgo
