1748 2826
211 116 230 154 I
250 124 304 163 79
697 115 972 154 CORNELII
1003 115 1197 154 TACITI

249 226 324 264 dae
360 237 495 275 graves
536 237 656 263 onere
694 222 933 263 sarcinarum
967 232 1006 262 et
1044 224 1197 263 lubrico
1235 224 1418 264 itinerum
1455 222 1642 276 adempta

249 301 440 338 equorum
460 287 690 338 pernicitate
709 289 815 326 velut
835 287 956 326 vincti
975 288 1250 327 caedebantur.
1307 302 1480 340 namque
1499 289 1642 328 mirum

192 371 230 393 10
249 353 357 392 dictu
383 359 426 391 ut
454 352 504 391 sit
529 351 658 390 omnis
685 353 948 391 Sarmatarum
970 351 1090 390 virtus
1109 354 1216 391 velut
1236 361 1342 392 extra
1369 353 1488 404 ipsos.
1544 352 1642 392 nihil

249 418 300 456 ad
334 417 556 467 pedestrem
587 429 761 466 pugnam
793 423 873 454 tam
907 415 1114 466 ignavum:
1150 417 1217 455 ubi
1251 431 1319 468 per
1353 425 1499 456 turmas
1527 417 1643 456 adve-

250 494 342 520 nere
370 480 433 519 vix
461 481 540 519 ulla
568 480 671 519 acies
701 478 906 519 obstiterit.
965 481 1035 519 sed
1064 487 1148 518 tum
1178 481 1316 520 umido
1351 481 1416 520 die
1444 488 1483 520 et
1511 482 1642 520 soluto

248 547 337 596 gelu
384 558 514 595 neque
561 544 669 584 conti
711 558 842 595 neque
883 544 1012 595 gladii,
1056 558 1155 595 quos
1198 547 1430 596 praelongos
1477 553 1642 596 utraque

250 623 369 648 manu
409 616 558 659 regunt,
590 609 689 657 usui,
720 608 965 659 lapsantibus
994 609 1106 659 equis
1141 617 1179 648 et
1212 611 1509 649 catafractarum
1546 622 1642 660 pon-

191 691 229 722 15
250 676 352 714 dere.
411 674 451 713 id
482 673 725 724 principibus
757 681 796 712 et
829 673 1076 712 nobilissimo
1110 674 1253 724 cuique
1291 674 1474 725 tegimen,
1509 673 1641 713 ferreis

249 738 445 778 lamminis
484 745 551 777 aut
588 739 783 788 praeduro
821 737 928 777 corio
967 745 1203 787 consertum,
1236 746 1279 777 ut
1316 740 1502 778 adversus
1540 738 1641 783 ictus

249 801 546 853 impenetrabile
588 802 643 841 ita
689 803 839 852 impetu
883 801 1058 841 hostium
1105 803 1322 853 provolutis
1369 802 1543 842 inhabile
1589 803 1641 842 ad

249 868 557 917 resurgendum3
598 866 714 905 simul
747 865 956 905 altitudine
976 873 1015 905 et
1034 866 1201 905 mollitia
1226 866 1326 906 nivis
1349 866 1636 906 hauriebantur.

250 931 456 968 Romanus
486 928 599 967 miles
624 927 748 966 facilis
777 927 896 966 lorica
922 934 962 966 et
990 927 1126 966 missili
1150 928 1232 979 pilo
1255 935 1323 967 aut
1345 927 1491 968 lanceis
1513 929 1642 968 adsul-

192 1010 231 1031 20
249 1002 348 1042 tans,
381 992 451 1032 ubi
487 1006 547 1031 res
585 999 774 1043 posceret,
808 992 882 1031 levi
921 992 1053 1043 gladio
1091 991 1281 1032 inermem
1314 994 1531 1032 Sarmatam
1559 991 1642 1044 (ne-

249 1071 327 1109 que
356 1056 463 1097 enim
497 1064 610 1095 scuto
640 1055 800 1095 defendi
831 1069 917 1096 mos
947 1056 1023 1107 est)
1050 1056 1273 1095 comminus
1302 1056 1489 1105 fodiebat,
1509 1057 1640 1097 donee

247 1121 363 1174 pauci
400 1121 469 1172 qui
506 1120 657 1171 proelio
699 1122 969 1171 superfuerant
1011 1120 1223 1171 paludibus
1265 1121 1514 1160 abderentur.
1570 1121 1640 1161 -ibi

247 1185 409 1225 saevitia
436 1185 577 1224 hiemis
602 1191 671 1223 aut
690 1186 896 1224 vulnerum
922 1185 1132 1236 absumpti.
1191 1193 1403 1236 postquam
1422 1185 1464 1225 id
1483 1187 1640 1226 Romae

248 1257 507 1301 compertum,
531 1251 587 1288 M.
610 1249 791 1300 Aponius
814 1249 1010 1288 Moesiam
1037 1249 1221 1288 obtinens
1247 1248 1473 1300 triumphali
1498 1257 1637 1299 statua,

189 1327 228 1360 25
250 1317 397 1354 Fulvus
434 1314 617 1353 Aurelius
656 1320 695 1353 et
739 1313 915 1352 Iulianus
953 1313 1108 1352 Tettius
1151 1327 1198 1353 ac
1243 1313 1448 1353 Numisius
1487 1315 1636 1365 Lupus,

247 1379 365 1432 legati
409 1379 622 1430 legionum,
672 1378 943 1418 consula-ribus
991 1378 1231 1418 ornamentis
1278 1380 1486 1428 donantur,
1534 1380 1639 1418 laeto

247 1446 409 1486 Othone
435 1450 474 1483 et
498 1443 661 1494 gloriam
682 1443 723 1482 in
743 1456 785 1482 se
804 1444 994 1491 trahente,
1017 1450 1220 1494 tamquam
1242 1449 1282 1482 et
1304 1442 1388 1493 ipse
1413 1442 1505 1482 felix
1533 1443 1638 1482 bello

245 1517 285 1550 et
305 1510 385 1549 suis
405 1507 574 1548 ducibus
594 1507 754 1558 suisque
773 1506 1006 1547 exercitibus
1026 1520 1107 1546 rem
1129 1507 1328 1557 publicam
1348 1506 1528 1547 auxisset.

172 1578 227 1616 80
410 1575 534 1612 Parvo
590 1571 745 1611 interim
795 1571 918 1619 initio,
972 1572 1079 1610 unde
1130 1570 1230 1610 nihil
1279 1571 1500 1619 timebatur,
1554 1578 1639 1610 orta

246 1638 389 1679 seditio
412 1650 535 1689 prope
561 1636 649 1675 urbi
673 1635 827 1675 excidio
847 1635 929 1674 fuit.
988 1635 1197 1686 septimam
1216 1635 1414 1676 decimam
1434 1636 1638 1676 cohortem

244 1718 268 1744 e
293 1702 451 1743 colonia
479 1700 653 1742 Ostiensi
681 1700 722 1739 in
751 1700 889 1739 urbem
917 1699 1034 1739 acciri
1063 1701 1174 1740 Otho
1198 1699 1387 1749 iusserat;
1425 1701 1638 1740 armandae
1695 1739 1697 1743 χ

244 1769 327 1808 eius
351 1781 444 1807 cura
462 1767 584 1805 Vario
604 1765 788 1816 Crispino
815 1764 974 1804 tribuno
1002 1778 1025 1804 e
1053 1764 1307 1814 praetorianis
1336 1766 1439 1804 data.
1496 1763 1529 1804 is
1557 1777 1638 1818 quo

207 1853 224 1884 5
244 1832 367 1883 magis
414 1844 561 1870 vacuus
608 1830 751 1881 quietis
798 1829 934 1869 castris
986 1829 1090 1868 iussa
1142 1836 1408 1879 exequeretur,
1457 1828 1638 1868 vehicula

243 1895 417 1936 cohortis
447 1895 662 1944 incipiente
695 1901 813 1933 nocte
845 1893 997 1933 onerari
1027 1901 1164 1944 aperto
1193 1892 1496 1932 armamentario
1514 1891 1634 1931 iubet.

244 1967 399 2010 tempus
434 1959 473 1997 in
509 1958 786 2008 suspicionem,
822 1971 941 1997 causa
978 1958 1019 1996 in
1056 1957 1216 2005 crimen,
1249 1956 1463 1996 adfectatio
1493 1956 1637 2008 quietis

243 2023 284 2062 in
304 2024 519 2062 tumultum
539 2021 695 2069 evaluit,
717 2030 756 2060 et
781 2021 863 2060 visa
888 2021 988 2060 inter
1017 2023 1255 2060 temulentos
1281 2034 1390 2060 arma
1408 2019 1637 2071 cupidinem

245 2085 304 2126 sui
343 2099 510 2124 movere.
574 2085 703 2124 fremit
742 2085 855 2124 miles
896 2093 934 2124 et
973 2085 1150 2124 tribunos
1189 2084 1520 2135 centurionesque
1551 2097 1637 2135 pro-

248 2198 283 2219 11
306 2188 460 2227 ignavom
478 2187 519 2218 M
617 2197 654 2226 17
680 2188 888 2226 impetrabile
904 2188 953 2228 M,
975 2199 1018 2219 ne
1033 2193 1189 2229 superscr.
1209 2187 1251 2218 M
1255 2187 1268 2208 ²
1379 2197 1422 2226 23
1445 2186 1564 2218 hiemis
1580 2190 1636 2217 aut

245 2230 440 2262 Schneider:
472 2230 528 2261 hic
546 2229 665 2261 mi'aM
676 2241 682 2260 :
709 2230 832 2261 hiemis
853 2236 887 2261 et
902 2231 1101 2271 Nipperdey:
1133 2231 1253 2262 hiemis
1274 2240 1313 2261 ac
1333 2229 1506 2261 Db‘derlein
1593 2238 1636 2268 25

247 2273 371 2304 Fulvus
387 2273 565 2313 Borghesi:
589 2273 711 2303 fulvius
730 2273 771 2303 M
855 2274 988 2305 Tettius
1004 2273 1133 2305 Ritter:
1156 2278 1190 2305 et
1205 2273 1301 2304 titius
1315 2271 1357 2302 M

290 2315 352 2349 80.
382 2325 395 2346 1
422 2315 567 2357 intelrim
585 2315 719 2346 interim
737 2316 778 2346 M
919 2326 939 2355 3
962 2316 1096 2347 colonia
1112 2316 1154 2347 M
1297 2325 1315 2354 7
1339 2315 1526 2354 spicionem
1539 2313 1583 2347 M
1594 2323 1634 2346 su

246 2363 402 2400 superscr.
421 2357 464 2390 M
471 2357 484 2379 ²
616 2369 638 2398 9
661 2359 947 2399 centurionesque
962 2359 1003 2390 M
1013 2358 1022 2377 ¹
1036 2372 1042 2391 :
1068 2364 1101 2390 et
1118 2358 1403 2398 centurionesque
1419 2356 1464 2388 M
