1748 2826
173 141 231 180 1v
250 140 275 180 8
697 132 973 181 CORNELiI
1004 143 1199 184 TACITI

192 266 232 289 10
249 254 338 293 tatis
358 254 524 292 formam
551 259 680 304 patres
706 252 848 304 avique
875 253 1112 294 instituerint
1128 268 1140 302 3
1167 253 1350 294 ulteriora
1373 251 1514 302 mirari,
1535 266 1642 305 prae-

248 316 374 357 sentia
412 315 524 368 sequi
537 331 550 366 3
591 317 719 357 bonos
758 318 1011 369 imperatores
1044 325 1137 358 voto
1175 326 1369 370 expetere,
1408 318 1644 369 qualiscum-

247 395 326 433 que
349 383 523 422 tolerare.
581 396 664 422 non
693 382 816 434 magis
845 396 916 423 sua
944 384 1122 423 oratione
1149 384 1368 423 Thraseam
1395 395 1518 434 quam
1544 379 1645 423 iudi-

247 445 311 486 cio
331 454 490 487 senatus
509 447 714 487 adflictum
729 462 741 496 ;
768 447 971 488 saevitiam
991 449 1163 488 Neronis
1183 461 1253 499 per
1272 447 1357 488 eius
1377 446 1488 488 modi
1510 443 1645 498 imagi-

248 525 318 551 nes
350 511 540 560 inlusisse,
573 526 648 552 nec
680 511 810 552 minus
841 511 915 552 sibi
946 511 1102 551 anxiam
1133 513 1253 552 talem
1279 511 1494 552 amicitiam
1521 523 1644 563 quam

191 587 228 620 15
247 575 334 615 aliis
360 576 543 616 exilium.
601 576 776 628 denique
814 577 1037 617 constantia
1076 576 1308 618 fortitudine
1344 575 1566 618 Catonibus
1602 581 1644 615 et

249 641 380 681 Brutis
413 649 646 694 aequaretur
680 642 919 682 Helvidius:
962 655 1004 682 se
1035 655 1159 687 unum
1193 655 1280 682 esse
1311 655 1359 682 ex
1391 640 1460 681 illo
1492 647 1643 689 senatu,

247 706 316 757 qui
336 705 453 746 simul
473 706 656 746 servierit.
716 707 882 746 suadere
905 706 1024 746 etiam
1052 706 1186 746 Prisco
1212 720 1263 746 ne
1289 719 1407 757 supra
1425 703 1644 758 principem
1680 704 1682 707 ’

248 772 466 819 scanderet,
515 784 566 811 ne
609 771 899 822 Vespasianum
945 784 1082 811 senem
1124 771 1417 823 triumphalem,
1455 768 1643 810 iuvenum

247 834 462 875 liberorum
490 843 653 886 patrem,
686 835 904 887 praeceptis
936 843 1143 876 coerceret.
1201 849 1282 886 quo
1311 835 1437 876 modo
1462 833 1643 886 pessimis

187 914 229 937 πο
247 899 548 951 imperatoribus
582 899 667 940 sine
706 902 784 940 fine
817 900 1144 949 dominationem,
1177 900 1231 940 ita
1263 900 1444 951 quamvis
1481 897 1651 951 egregiis

247 967 412 1006 modum
446 965 635 1005 libertatis
666 967 831 1017 placere.
888 967 987 1006 haec
1018 966 1170 1017 magnis
1200 964 1400 1017 utrimque
1425 963 1644 1005 contentio-

247 1030 365 1078 nibus
397 1030 540 1070 iactata
569 1030 732 1070 diversis
766 1029 905 1070 studiis
938 1030 1243 1082 accipiebantur.
1302 1029 1395 1069 vicit
1424 1042 1514 1081 pars
1541 1041 1644 1080 quae

248 1096 375 1136 sortiri
404 1098 553 1148 legatos
582 1097 766 1144 malebat,
789 1096 909 1136 etiam
937 1096 1078 1136 mediis
1107 1103 1262 1148 patrum
1290 1094 1562 1136 adnitentibus
1589 1108 1644 1135 re-

248 1161 372 1202 tinere
401 1175 552 1201 morem
566 1176 578 1210 3
620 1169 659 1201 et
688 1161 1031 1213 splendidissimus
1060 1161 1229 1213 quisque
1257 1161 1401 1202 eodem
1429 1159 1643 1200 inclinabat

188 1242 227 1275 ²5
248 1235 356 1267 metu
386 1226 568 1275 invidiae,
600 1227 632 1266 si
661 1226 736 1277 ipsi
765 1226 1010 1278 eligerentur.

199 1304 228 1342 9
409 1293 598 1331 Secutum
624 1290 733 1330 aliud
762 1298 972 1331 certamen.
1030 1298 1229 1341 praetores
1256 1290 1392 1330 aerarii
1421 1289 1533 1342 (nam
1559 1297 1643 1330 tum

245 1370 269 1396 a
307 1356 553 1407 praetoribus
592 1356 833 1396 tractabatur
869 1355 1080 1408 aerarium)
1124 1355 1325 1407 publicam
1370 1362 1643 1407 paupertatem

246 1421 375 1472 questi
397 1423 563 1461 modum
583 1421 772 1473 impensis
793 1422 1097 1472 postulaverant.
1156 1434 1244 1460 eam
1264 1433 1398 1460 curam
1418 1420 1559 1460 consul
1577 1420 1643 1459 de-

246 1485 420 1537 signatus
442 1485 495 1525 ob
516 1485 831 1537 magnitudinem
852 1485 982 1525 oneris
1002 1492 1041 1525 et
1067 1484 1231 1525 remedii
1250 1485 1523 1525 difficultatem
1542 1484 1642 1536 prin-

208 1571 226 1602 5
246 1551 323 1602 cipi
344 1551 590 1590 reservabat:
632 1550 843 1590 Helvidius
873 1549 1035 1590 arbitrio
1060 1558 1220 1590 senatus
1250 1551 1450 1601 agendum
1476 1550 1641 1590 censuit.

246 1630 338 1655 cum
375 1623 626 1667 perrogarent
665 1615 878 1655 sententias
916 1615 1110 1664 consules,
1151 1614 1364 1655 Vulcacius
1401 1614 1643 1655 Tertullinus

246 1680 427 1720 tribunus
465 1680 591 1731 plebis
630 1679 848 1720 intercessit
887 1693 938 1719 ne
975 1679 1073 1731 quid
1107 1692 1223 1731 super
1255 1687 1364 1719 tanta
1392 1693 1434 1719 re
1467 1678 1643 1731 principe

246 1746 411 1785 absente
445 1752 687 1785 statueretur.
747 1753 952 1785 censuerat
987 1745 1199 1785 Helvidius
1230 1752 1273 1784 ut
1304 1744 1547 1797 Capitolium
1574 1758 1643 1796 pu-

246 1811 350 1850 blice
388 1810 665 1859 restitueretur,
704 1810 908 1850 adiuvaret
942 1809 1221 1861 Vespasianus.
1281 1823 1369 1850 eam
1407 1809 1642 1850 sententiam

191 1894 229 1917 10
248 1875 563 1915 modestissimus
601 1874 770 1926 quisque
812 1874 979 1922 silentio,
1022 1873 1168 1915 deinde
1212 1873 1360 1914 oblivio
1404 1872 1642 1914 transmisit:

247 1941 356 1980 fuere
384 1939 452 1991 qui
481 1947 520 1979 et
549 1940 832 1979 meminissent.

182 2015 230 2043 10
410 2006 515 2043 Tum
548 2004 726 2044 invectus
757 2011 816 2043 est
849 2003 1061 2043 Musonius
1089 2005 1217 2043 Rufus
1249 2003 1289 2042 in
1322 2005 1364 2043 P.
1396 2004 1589 2050 Celerem,
1618 2016 1642 2043 a
1700 2040 1703 2042 .

248 2083 328 2120 quo
361 2070 525 2108 Baream
560 2070 753 2108 Soranum
783 2069 882 2108 falso
913 2068 1140 2108 testimonio
1170 2068 1483 2108 circumventum
1509 2080 1642 2119 argue·

247 2134 325 2173 bat.
383 2147 431 2173 ea
467 2132 692 2184 cognitione
730 2132 908 2173 renovari
940 2133 1033 2173 odia
1065 2133 1364 2174 accusationum
1393 2131 1638 2173 videbantur.

250 2239 290 2269 16
312 2236 366 2278 se]
391 2237 453 2268 sed
471 2235 592 2274 Godley
723 2247 765 2276 23
790 2236 948 2268 mallebat
963 2237 1006 2268 M

291 2289 329 2322 9.
353 2291 374 2320 3
398 2280 515 2312 consul
532 2279 575 2311 M
577 2280 589 2300 ¹
605 2291 612 2312 2
637 2289 750 2310 curam
768 2280 811 2311 M
971 2280 1168 2319 designatus
1183 2279 1227 2312 M
1421 2279 1444 2310 6
1465 2277 1642 2310 Volcatius

246 2325 347 2366 vulgo
427 2323 621 2355 tertullinus
644 2322 692 2363 M,
710 2323 770 2354 sed
789 2323 799 2353 i
824 2334 863 2355 ex
883 2334 905 2355 u
927 2334 1007 2356 corr.
1025 2323 1083 2356 M1
1192 2324 1215 2355 8
1237 2323 1397 2356 absentes
1416 2321 1465 2363 M,
1483 2331 1566 2354 corr.
1581 2320 1640 2353 Ml

249 2377 290 2400 10
311 2367 481 2399 oblivione
498 2366 641 2407 Madvig

290 2419 344 2444 10.
371 2422 392 2452 3
414 2415 647 2444 accusatorum
663 2409 845 2452 Nipperdey
