1748 2826
443 144 849 185 HISTORIARVM
881 144 1054 182 LIBER
1085 144 1152 182 III
1439 144 1506 182 III
1526 152 1574 182 10

261 258 452 299 Adventu
485 257 634 298 deinde
664 257 833 297 duarum
868 256 1084 307 legionum,
1119 269 1141 296 e
1172 255 1319 307 quibus
1347 254 1508 295 tertiam
1528 263 1576 292 ιο

100 323 246 365 Dillius
264 323 514 376 Aponianus,
537 330 719 363 octavam
741 321 950 361 Numisius
979 323 1116 373 Lupus
1143 321 1358 369 ducebant,
1381 327 1512 360 osten-

98 396 183 430 tare
200 388 293 430 viris
321 396 362 430 et
385 388 543 429 militari
563 389 667 428 vallo
686 389 890 427 Veronam
918 386 1165 426 circumdare
1192 385 1352 438 placuit.
1411 387 1512 425 forte

98 453 320 496 Galbianae
357 453 505 506 legioni
542 453 584 493 in
621 454 788 493 adversa
819 454 950 492 fronte
988 452 1079 491 valli
1113 465 1215 504 opus
1253 459 1439 501 cesserat,
1472 458 1512 492 et

97 518 171 560 visi
207 520 347 571 procul
385 518 585 560 sociorum
623 517 778 570 equites
817 532 961 558 vanam
999 517 1255 558 formidinem
1294 525 1338 558 ut
1375 520 1511 558 hostes
1531 534 1549 566 5

97 585 239 625 fecere.
287 583 494 636 rapiuntur
511 597 621 623 arma
640 591 750 624 metu
771 583 1019 635 proditionis.
1069 584 1126 624 ira
1146 584 1316 623 militum
1337 583 1378 623 in
1394 586 1512 624 Tam—

98 648 211 702 pium
240 648 476 689 Flavianum
501 648 693 697 incubuit,
721 650 833 689 nullo
857 649 1034 690 criminis
1061 657 1308 702 argumentO,
1332 652 1403 691 sed
1433 650 1512 690 iam

98 715 254 770 pridem
277 716 428 757 invisus
457 716 616 757 turbine
643 719 822 768 quodam
851 719 904 758 ad
934 718 1098 759 exitium
1129 718 1392 770 poscebatur:
1426 731 1513 770 pro-

97 781 296 835 pinquum
320 782 482 831 Vitellii,
513 782 759 834 proditorem
790 783 975 832 Othonis,
1004 783 1309 836 interceptorem
1333 782 1513 824 donativi

98 846 368 888 clamitabant.
427 861 503 888 nec
530 848 755 889 defensioni
786 851 913 899 locus,
939 863 1184 901 quamquam
1215 850 1405 901 supplicis
1433 863 1511 888 ma·
1535 864 1575 888 10

98 925 176 953 nus
211 914 404 962 tenderet,
437 913 550 954 humi
589 916 825 967 plerumque
857 923 1011 964 stratus,
1048 917 1178 956 lacera
1214 923 1336 964 veste,
1372 923 1512 967 pectus

98 985 220 1030 atque
254 991 324 1019 ora
356 979 530 1031 singultu
569 980 764 1032 quatiens.
824 981 866 1022 id
900 982 1031 1034 ipsum
1065 983 1174 1034 apud
1208 982 1385 1022 infensos
1419 981 1514 1021 inci-

99 1051 323 1085 tamentum
346 1053 440 1094 erat,
462 1053 667 1098 tamquam
697 1046 844 1087 nimius
865 1061 988 1099 pavor
1013 1047 1300 1088 conscientiam
1320 1054 1510 1099 argueret.

100 1110 390 1152 obturbabatur
415 1111 586 1151 militum
607 1112 773 1154 vocibus
806 1113 1003 1164 Aponius,
1031 1127 1124 1153 cum
1154 1113 1263 1165 loqui
1288 1120 1513 1164 coeptaret3

99 1176 259 1217 fremitu
285 1183 325 1217 et
350 1179 524 1218 clamore
547 1185 700 1218 ceteros
727 1187 999 1230 aspernantur.
1058 1179 1128 1218 uni
1152 1178 1332 1217 Antonio
1355 1185 1514 1229 apertae
1536 1192 1575 1224 15

101 1241 271 1283 militum
297 1256 412 1284 aures
425 1258 437 1294 ;
471 1257 646 1295 namque
678 1251 717 1283 et
742 1244 932 1284 facundia
956 1246 1093 1284 aderat
1120 1243 1405 1294 mulcendique
1434 1245 1514 1282 vul-

99 1322 194 1361 gum
213 1316 318 1350 artes
338 1317 378 1350 et
404 1310 630 1351 auctoritas.
692 1309 761 1350 ubi
788 1312 1023 1350 crudescere
1051 1310 1194 1350 seditio
1218 1318 1258 1350 et
1279 1323 1303 1348 a
1324 1308 1513 1349 conviciis

99 1388 148 1416 ac
165 1375 320 1428 probris
339 1379 392 1418 ad
415 1379 494 1418 tela
517 1384 557 1417 et
583 1390 727 1416 manus
757 1376 990 1425 transibant,
1014 1375 1108 1415 inici
1135 1383 1296 1415 catenas
1324 1374 1515 1414 Flaviano

100 1441 223 1483 iubet.
281 1443 405 1484 sensit
434 1443 652 1484 ludibrium
683 1441 809 1491 miles,
843 1441 1100 1493 disiectisque
1131 1443 1199 1493 qui
1230 1441 1404 1480 tribunal
1433 1447 1514 1479 tue-

100 1506 246 1548 bantur
264 1516 439 1550 extrema
450 1509 508 1549 vis
529 1510 753 1562 parabatur.
803 1508 992 1560 opposuit
1008 1507 1139 1547 sinum
1155 1506 1357 1546 Antonius
1378 1506 1514 1546 stricto
1535 1526 1577 1549 20

100 1573 214 1624 ferro,
244 1581 314 1614 aut
337 1574 508 1615 militum
539 1589 582 1616 se
610 1575 796 1616 manibus
822 1582 892 1614 aut
919 1574 1000 1614 suis
1030 1573 1265 1614 moriturum
1295 1574 1512 1621 obtestans,

102 1646 148 1678 ut
176 1653 381 1692 quemque
410 1649 551 1681 notum
582 1649 622 1682 et
650 1642 786 1694 aliquo
817 1640 976 1680 militari
1007 1641 1152 1679 decore
1178 1639 1375 1690 insignem
1404 1651 1516 1690 aspe-

101 1713 220 1755 xerat,
244 1708 298 1748 ad
328 1709 533 1748 ferendam
565 1722 685 1760 opem
717 1707 882 1748 nomine
914 1707 1034 1747 ciens.
1094 1719 1187 1744 mox
1214 1718 1429 1744 conversus
1461 1706 1514 1744 ad

101 1770 214 1824 signa
243 1778 284 1812 et
305 1772 503 1813 bellorum
532 1775 641 1822 deos,
674 1773 852 1814 hostium
882 1773 1015 1824 potius
1050 1770 1287 1811 exercitibus
1317 1770 1430 1809 illum
1458 1770 1515 1808 fu-

100 1851 242 1887 rorem,
281 1838 390 1880 illam
433 1839 675 1880 discordiam
719 1840 912 1879 inicerent
952 1839 1101 1886 orabat,
1142 1839 1274 1877 donec
1316 1835 1514 1876 fatisceret
1535 1855 1574 1887 ²5

101 1903 247 1944 seditio
265 1911 306 1944 et
331 1911 508 1945 extremo
534 1905 614 1945 iam
641 1905 707 1945 die
731 1919 803 1944 sua
830 1905 1001 1956 quisque
1028 1905 1069 1944 in
1099 1903 1270 1944 tentoria
1295 1902 1515 1943 dilaberen-

101 1978 175 2012 tur.
233 1973 435 2024 profectus
459 1974 602 2013 eadem
622 1981 742 2013 nocte
770 1973 983 2013 Flavianus
1003 1973 1131 2013 obviis
1152 1970 1389 2024 Vespasiani
1415 1970 1515 2010 litte-

101 2037 154 2078 ris
174 2037 395 2078 discrimini
415 2046 623 2091 exemptus
645 2047 715 2079 est.

266 2103 464 2155 Legiones
507 2106 615 2144 velut
652 2105 755 2144 tabe'
789 2104 960 2145 infectae
1005 2106 1212 2158 Aponium
1255 2103 1512 2145 Saturninum
1532 2113 1568 2140 11

147 2214 204 2242 10.
227 2218 248 2240 2
274 2208 467 2250 aponianus
496 2209 709 2241 Rhenanus:
746 2215 938 2250 apontanus
966 2211 1015 2252 M,
1045 2212 1114 2244 coll.
1142 2222 1169 2244 c.
1204 2222 1239 2243 11
1331 2217 1451 2243 octava
1475 2211 1514 2242 M

102 2261 123 2292 5
149 2251 320 2294 {Inprocul
347 2252 398 2294 M,
426 2263 506 2285 corr.
537 2252 593 2284 M¹
727 2255 750 2285 6
772 2265 867 2286 arma
895 2260 986 2287 metu
1003 2256 1177 2287 Faernus:
1211 2260 1304 2287 arma
1331 2261 1364 2287 et
1395 2260 1432 2287 ut
1461 2255 1512 2295 M,

103 2299 218 2328 notam
234 2295 294 2328 del.
314 2295 358 2327 M
359 2296 370 2316 ¹
449 2297 500 2329 .T.
519 2298 671 2337 ampium
689 2297 738 2338 M,
756 2299 825 2331 coll.
845 2299 877 2331 ii.
897 2301 940 2331 86
1087 2310 1125 2340 14
1149 2300 1348 2332 obturbatur
1369 2299 1514 2331 Orellius

106 2348 145 2380 15
169 2341 420 2381 aspernabatur
430 2345 495 2382 pro
508 2341 755 2382 aspernabatur
771 2342 799 2382 b,
818 2342 956 2374 Ernesti
1059 2345 1098 2375 16
1121 2343 1244 2384 vulgus
1262 2344 1371 2375 Ritter
1471 2354 1513 2383 23

101 2383 323 2461 fflssreMncxlam
340 2384 384 2415 M
547 2394 590 2425 25
607 2385 765 2418 fatiscere
782 2385 829 2425 M,
847 2386 1031 2430 Nipperdey
1178 2389 1219 2419 28
1236 2387 1445 2419 discriminis
1461 2388 1509 2429 M,
