1748 2826
182 137 240 174 IV
258 145 312 185 23
700 139 976 180 CORNELII
1005 141 1201 182 TACITI

222 263 240 296 5
259 260 389 299 neque
419 250 675 290 munimentis
703 250 814 290 labor
832 251 1014 292 additus:
1046 252 1103 293 vis
1124 260 1162 293 et
1181 266 1289 293 arma
1309 253 1401 294 satis
1424 253 1647 306 placebant.

261 314 398 352 Batavi
420 315 806 367 Transrhenanique,
840 329 921 367 quo
950 317 1118 358 discreta
1146 319 1266 358 virtus
1297 319 1543 359 manifestius
1564 332 1650 371 spe-

258 386 438 427 ctaretur‚
481 379 556 419 sibi
594 393 778 431 quaeque
814 395 911 432 gens
946 382 1178 432 consistunt,
1209 383 1364 423 eminus
1397 385 1647 424 lacessentes.

258 451 348 493 post
375 443 442 482 ubi
468 445 655 495 pleraque
675 446 843 484 telorum
871 446 1041 486 turribus
1068 447 1280 499 pinnisque
1305 448 1509 488 moenium
1534 447 1650 489 inrita

260 508 474 548 haerebant
498 517 536 548 et
567 511 737 560 desuper
768 510 868 550 saxis
894 512 1210 561 vulnerabantur,
1238 514 1409 552 clamore
1433 520 1554 564 atque
1581 512 1650 553 im-

201 586 241 609 10
259 581 353 623 petu
391 573 567 613 invasere
601 576 758 623 vallum,
793 575 984 626 adpositis
1018 576 1196 628 plerique
1229 577 1355 626 scalis,
1391 577 1457 617 alii
1494 590 1564 629 per
1596 585 1650 618 te-

260 638 459 677 studinem
491 652 652 678 suorum
667 653 678 688 3
712 640 1038 692 scandebantque
1072 643 1149 680 iam
1183 641 1357 693 quidam,
1390 655 1482 681 cum
1509 641 1650 694 gladiis

259 709 299 741 et
326 716 527 742 armorum
556 705 719 743 incussu
750 705 995 756 praecipitati
1024 707 1189 746 sudibus
1223 714 1262 747 et
1294 706 1383 758 pilis
1416 707 1647 756 obruuntur,

258 769 504 818 praeferoces
533 767 646 807 initio
672 775 712 808 et
739 769 857 809 rebus
883 771 1068 810 secundis
1095 771 1217 810 nimii.
1275 772 1347 811 sed
1366 778 1451 811 tum
1480 772 1650 824 praedae

258 831 446 882 cupidine
479 834 644 873 adversa
673 847 835 885 quoque
865 836 1111 885 tolerabant3
1147 836 1351 876 machinas
1381 836 1512 885 etiam,
1547 835 1650 876 inso-

201 911 238 944 15
257 895 371 936 litum
398 897 484 946 sibi,
506 899 603 938 ausi.
660 912 735 939 nec
762 901 841 939 ulla
864 900 958 952 ipsis
988 900 1182 941 sollertia:
1213 903 1398 953 perfugae
1425 900 1649 953 captivique

258 962 458 1001 docebant
491 970 639 1003 struere
670 965 852 1004 materias
886 965 927 1004 in
960 967 1126 1005 modum
1160 967 1304 1017 pontis,
1336 979 1430 1006 mox
1461 965 1648 1006 subiectis

258 1028 352 1066 rotis
379 1030 610 1079 propellere,
632 1037 675 1068 ut
694 1029 760 1068 alii
786 1037 1052 1081 superstantes
1072 1037 1275 1082 tamquam
1302 1044 1349 1070 ex
1374 1043 1515 1083 aggere
1540 1043 1650 1082 proe-

258 1091 454 1142 liarentur,
488 1107 575 1144 pars
610 1093 715 1133 intus
743 1094 890 1135 occulti
923 1109 1056 1135 muros
1088 1096 1332 1136 subruerent.
1389 1097 1461 1136 sed
1486 1108 1650 1136 excussa

258 1156 423 1196 ballistis
469 1171 561 1197 saxa
603 1166 771 1199 stravere
814 1159 980 1200 informe
1027 1174 1138 1213 opus.
1196 1169 1235 1201 et
1278 1162 1394 1201 cratis
1436 1161 1649 1213 vineasque

199 1233 239 1254 20
258 1221 487 1271 parantibus
548 1224 712 1262 adactae
770 1224 977 1264 tormentis
1032 1227 1215 1265 ardentes
1266 1227 1413 1274 hastae,
1465 1227 1649 1278 ultroque

258 1284 332 1336 ipsi
373 1287 664 1338 obpugnatores
709 1288 866 1339 ignibus
912 1290 1161 1340 petebantur,
1199 1291 1329 1330 donec
1366 1292 1574 1342 desperata
1610 1291 1649 1331 vi

258 1357 452 1391 verterent
500 1352 708 1391 consilium
750 1355 803 1393 ad
846 1367 991 1403 moras,
1026 1355 1134 1394 haud
1176 1355 1298 1406 ignari
1334 1368 1551 1409 paucorum
1593 1355 1650 1396 di-

257 1428 368 1455 erum
404 1416 532 1456 inesse
564 1418 752 1457 alimenta
785 1426 824 1458 et
858 1420 1027 1458 multum
1055 1419 1226 1459 imbellis
1254 1421 1393 1461 turbae
1408 1435 1420 1470 3
1457 1421 1574 1460 simul
1601 1433 1649 1461 ex

257 1479 392 1531 inopia
429 1481 601 1532 proditio
638 1490 677 1522 et
715 1483 818 1522 fluxa
855 1483 1101 1523 servitiorum
1139 1485 1237 1524 fides
1275 1499 1322 1525 ac
1359 1485 1518 1526 fortuita
1555 1485 1650 1526 belli

196 1561 212 1582 2
219 1561 236 1593 5
257 1546 525 1597 sperabantur.

185 1622 238 1661 24
420 1613 585 1652 Flaccus
606 1612 762 1653 interim
782 1613 943 1664 cognito
963 1621 1178 1654 castrorum
1199 1613 1357 1654 obsidio
1377 1622 1416 1655 et
1431 1615 1560 1655 missis
1578 1629 1649 1668 per

256 1676 404 1717 Gallias
436 1679 503 1728 qui
534 1677 676 1717 auxilia
707 1677 921 1726 concirent,
957 1680 1080 1718 lectos
1111 1691 1134 1719 e
1165 1678 1387 1730 legionibus
1422 1679 1544 1720 Dillio
1570 1681 1650 1719 Vo-

256 1743 369 1781 culae
390 1742 751 1782 duoetvicensimae
775 1742 940 1794 legionis
965 1745 1095 1794 legato
1114 1743 1243 1792 tradit,
1265 1751 1308 1783 ut
1327 1757 1448 1796 quam
1468 1745 1648 1786 maximis

256 1820 326 1858 per
371 1807 496 1858 ripam
535 1808 738 1848 itineribus
779 1809 976 1856 celeraret,
1017 1807 1101 1859 ipse
1148 1808 1315 1848 navibus
1356 1810 1511 1849 invadit
1543 1809 1649 1849 inva-

218 1888 236 1919 5
256 1871 361 1911 lidus
380 1886 555 1923 corpore,
579 1873 726 1912 invisus
751 1873 952 1912 militibus.
1011 1886 1142 1924 neque
1169 1873 1275 1912 enim
1301 1873 1487 1925 ambigue
1512 1876 1649 1915 freme-

255 1936 377 1976 bant:
411 1939 573 1976 emissas
599 1951 623 1977 a
650 1937 910 1988 Mogontiaco
945 1939 1183 1976 Batavorum
1216 1937 1400 1986 cohortis,
1430 1938 1649 1978 dissimula-

256 2008 318 2040 tos
334 2001 470 2041 Civilis
487 2009 665 2051 conatus,
682 2002 824 2041 adsciri
844 2002 886 2041 in
901 2002 1131 2042 societatem
1151 2003 1384 2043 Germanos.
1423 2015 1506 2042 non
1526 2002 1647 2042 Primi

258 2065 423 2104 Antonii
455 2079 586 2116 neque
618 2066 797 2106 Muciani
830 2080 906 2118 ope
937 2067 1224 2118 Vespasianum
1256 2067 1380 2118 magis
1413 2068 1645 2108 adolevisse.

256 2138 390 2181 aperta
405 2132 497 2169 odia
517 2144 705 2182 armaque
724 2133 854 2183 palam
875 2133 1019 2183 depelli
1035 2147 1042 2170 :
1070 2133 1248 2172 fraudem
1267 2139 1306 2172 et
1326 2133 1462 2172 dolum
1479 2132 1648 2173 obscura

260 2238 300 2259 xo
320 2229 528 2260 tustudinem
545 2229 588 2260 M
700 2240 734 2260 11
762 2230 914 2271 suornm]
933 2234 1103 2261 scutorum
1125 2228 1247 2262 Walter
1332 2229 1593 2270 scandebanque
1607 2229 1652 2261 M

259 2272 297 2301 18
321 2271 461 2303 occultis
480 2271 511 2312 (s
527 2271 586 2303 del.
605 2272 647 2303 M
650 2272 678 2314 ¹)
697 2283 792 2304 muro
808 2273 851 2304 M

299 2321 359 2355 24.
386 2324 406 2345 2
428 2326 447 2345 e
464 2326 531 2347 om.
548 2315 591 2346 M
739 2327 759 2355 4
784 2316 942 2357 navibus]
961 2317 1103 2356 pavidus
1126 2318 1169 2349 al.
1273 2317 1415 2348 navibus
1429 2316 1516 2358 inva!
1533 2316 1647 2357 infine

250 2359 396 2398 paginae
414 2358 502 2389 lidus
519 2358 575 2390 M:
599 2359 725 2390 invadit
740 2363 817 2400 post
839 2358 980 2392 navibus
1003 2359 1120 2391 addidi
1138 2360 1205 2392 coll.
1222 2360 1317 2392 Renz
1332 2360 1584 2391 Alliterattbnen
1601 2359 1651 2391 bei

262 2401 401 2439 Tacitus,
419 2412 450 2441 p.
470 2413 531 2441 29:
557 2407 672 2433 vectus
681 2405 760 2443 post
775 2402 919 2434 navibus
933 2401 1012 2435 add.
1027 2402 1145 2435 Haase
1264 2414 1284 2444 5
1308 2403 1497 2435 fremebant
1511 2402 1646 2435 Rhena-
1707 2432 1710 2434 .

257 2455 341 2475 nus:
365 2445 536 2486 pmelbant
553 2445 596 2476 M
