1748 2826
420 126 780 179 FRAGMENTA
817 136 1094 176 HISTORIA
1103 135 1228 174 RVM

119 263 220 304 quas
238 257 374 292 utrum
389 256 482 303 post
494 247 788 301 Vespasianum
812 254 853 288 et
870 247 1010 287 Titum
1028 247 1172 299 aliquis
1191 245 1387 296 clauserit,
1407 245 1532 286 nemi-
1550 257 1591 291 25

120 331 216 359 nem
242 316 447 370 scripsisse
473 314 651 363 memini,
680 327 773 354 cum
803 321 940 353 tamen
970 325 1038 353 eas
1075 313 1129 352 ab
1161 312 1250 364 ipso
1282 312 1533 365 Vespasiano

119 391 212 436 post
229 395 382 424 annum
399 388 557 434 apertas
574 378 784 422 Cornelius
805 378 969 418 Tacitus
987 378 1142 430 prodat.

175 451 212 488 6.
243 446 410 488 Orosius
435 445 500 487 vii.
526 460 586 485 10.
607 459 644 494 4.
703 446 809 485 Nam
839 451 989 496 quanta
1017 442 1162 483 fuerint
1191 442 1422 495 Diurpanei,
1455 443 1534 482 Da-

119 525 259 554 corum
278 511 391 564 regis,
412 524 506 552 curn
525 511 659 551 Fusco
677 510 782 550 duce
802 508 952 561 proelia
976 516 1231 560 quantaeque
1253 510 1532 548 Romanorum

120 578 267 628 clades,
286 578 411 629 longo
428 583 539 617 textu
559 576 793 623 evolverem,
816 574 892 614 nisi
912 573 1123 616 Cornelius
1142 573 1318 622 Tacitus,
1339 573 1409 625 qui
1429 575 1533 614 hanc
1551 585 1593 618 30

120 640 660 694 historiamdiligentissime
686 641 903 688 contexuit,
934 641 987 680 de
1009 638 1215 679 reticendo
1233 638 1531 679 interfectorum

120 720 290 748 numero
309 714 350 748 et
369 706 600 747 Sallustium
616 707 803 758 Crispum
823 713 863 746 et
881 705 980 745 alios
998 712 1181 744 auctores
1201 717 1321 755 quam
1340 704 1532 756 plurimos

121 772 298 814 sanxisse
315 779 356 814 et
375 785 418 812 se
437 771 568 824 ipsum
589 771 699 812 idem
717 770 970 823 potissimum
990 769 1156 822 elegisse
1175 769 1348 810 dixisset.

178 848 212 891 7.
243 837 412 880 Orosius
422 836 488 879 vii.
503 849 566 888 34.
586 848 622 888 5.
680 835 936 877 Theodosius
957 866 966 876 .
988 865 996 876 .
1019 835 1211 875 maximas
1227 834 1312 875 illas
1328 833 1533 887 Scythicas

119 902 250 957 gentis
269 903 582 954 formidatasque
601 901 757 942 cunctis
785 900 1014 949 maioribus,
1037 901 1266 941 Alexandro
1294 913 1458 952 quoque
1478 899 1533 939 illi
1552 912 1592 945 3⁵

121 970 288 1022 Magno,
308 968 412 1009 sicut
437 966 655 1019 Pompeius
675 966 969 1019 Corneliusque
989 966 1121 1007 testati
1142 973 1246 1014 sunt,
1269 964 1422 1005 evitatis
1444 995 1452 1004 .
1476 995 1486 1004 .
1509 995 1530 1014 .,

45 1035 53 1043 “
121 1035 202 1075 hoc
237 1040 300 1075 est
335 1035 488 1074 Alanos
526 1035 676 1073 Hunos
720 1039 760 1072 et
797 1033 967 1079 Gothos,
1008 1030 1286 1071 incunctanter
1322 1032 1532 1082 adgressus

122 1099 277 1154 magnis
296 1098 513 1151 multisque
530 1097 690 1151 proeliis
707 1097 812 1138 vicit.

177 1167 215 1207 8.
245 1163 371 1207 Servii
388 1166 619 1207 Comment.
639 1162 682 1203 in
700 1165 821 1215 Verg.
840 1165 941 1203 Aen.
960 1162 1013 1202 iii.
1032 1176 1120 1214 399.
1181 1160 1239 1201 Hi
1259 1173 1351 1201 vero
1367 1160 1534 1214 (Locri),

122 1229 194 1284 qui
220 1229 331 1271 iuxta
359 1231 543 1282 Delphos
561 1230 711 1279 colunt,
735 1229 884 1273 Ozolae
903 1235 1186 1279 nuncupantur
1206 1257 1214 1266 .
1238 1257 1246 1266 .
1270 1257 1278 1266 .
1310 1226 1378 1277 qui
1398 1233 1533 1266 autem
1551 1241 1597 1273 40

124 1297 295 1350 Lybiam
331 1296 454 1338 delati
489 1302 593 1344 sunt,
634 1296 886 1336 Nasamones
929 1295 1189 1346 appellantur,
1238 1298 1282 1332 ut
1323 1291 1535 1333 Cornelius

123 1361 290 1404 Tacitus
308 1363 439 1412 refert,
458 1359 619 1404 oriundi
637 1374 662 1400 a
682 1358 862 1412 Naryciis
883 1366 959 1401 etc.
