1748 2826
435 131 844 171 HISTORIARVM
873 130 1048 169 LIBER
1080 131 1146 169 III
1429 129 1573 167 11122

51 249 54 253 ’
89 242 225 295 signa:
253 245 382 296 ipsam
405 230 582 295 aquilam
608 242 755 282 Atilius
774 243 903 282 Verus
930 243 1046 293 primi
1067 240 1137 292 pili
1163 240 1345 280 centurio
1370 240 1495 280 multa
1515 254 1559 278 πο

88 322 183 349 cum
201 307 378 350 hostium
398 316 527 360 strage
547 315 587 348 et
604 308 658 348 ad
677 315 898 347 extremum
918 306 1092 346 moriens
1112 312 1343 346 servaverat.

252 374 448 416 Sustinuit
494 374 697 414 labentem
738 374 868 413 aciem
911 371 1113 411 Antonius
1160 371 1296 411 accitis
1344 368 1497 423 praeto-
1514 377 1568 419 23

87 439 218 481 rianis.
276 439 346 492 qui
374 439 445 480 ubi
473 452 665 492 excepere
693 452 880 491 pugnam,
910 439 1064 490 pellunt
1091 438 1261 485 hostem,
1293 436 1387 477 dein
1415 437 1496 489 pel-

86 507 232 547 luntur.
276 519 452 558 namque
478 505 682 546 Vitelliani
711 512 910 545 tormenta
934 504 975 543 in
1000 516 1184 555 aggerem
1207 505 1295 543 viae
1321 503 1497 542 contule-

86 579 176 612 rant
201 578 246 611 ut
272 573 352 612 tela
378 585 506 612 vacuo
534 579 656 622 atque
681 578 821 622 aperto
844 576 1132 617 excuterentur,
1162 568 1340 619 dispersa
1364 567 1497 620 primo

86 643 143 677 et·
163 637 336 677 arbustis
374 637 460 677 sine
494 637 670 676 hostium
708 650 814 676 noxa
852 635 978 675 inlisa.
1038 634 1314 686 magnitudine
1352 632 1497 673 eximia
1518 646 1536 679 5

86 692 251 755 quintae
286 702 470 743 decimae
505 701 673 754 legionis
706 701 864 742 ballista
901 700 1130 752 ingentibus
1168 701 1271 739 saxis
1308 698 1496 739 hostilem

84 770 214 809 aciem
249 769 476 820 proruebat.
533 770 693 819 lateque
730 769 887 807 cladem
925 766 1123 806 intulisset
1161 767 1202 804 ni
1235 766 1319 805 duo
1350 763 1497 803 milites

85 834 332 886 praeclarum
374 833 529 873 facinus
570 834 666 881 ausi,
712 832 876 883 arreptis
919 845 942 872 e
982 839 1110 882 strage
1148 830 1271 870 scutis
1312 827 1494 880 ignorati,

85 899 218 939 vincla
230 912 279 939 ac
293 899 531 939 libramenta
542 905 832 938 tormentorum
847 897 1124 938 abscidissent.
1171 896 1304 936 statim
1320 895 1496 935 confossi

84 972 180 1006 sunt
216 977 348 1016 eoque
385 964 622 1004 intercidere
659 964 846 1003 nomina:
887 964 939 1003 de
978 964 1085 1003 facto
1122 963 1232 1002 haud
1269 959 1495 1012 ambigitur.
1518 977 1558 1000 10

86 1037 230 1070 neutro
257 1029 517 1070 inclinaverat
543 1031 704 1069 fortuna
729 1030 861 1069 donec
895 1030 1032 1068 adulta
1061 1035 1180 1068 nocte
1208 1029 1304 1067 luna
1332 1036 1497 1078 surgens

86 1097 317 1136 ostenderet
346 1095 454 1135 acies
482 1095 724 1146 falleretque.
784 1096 856 1134 sed
888 1094 1086 1134 Flavianis
1115 1093 1280 1145 aequior
1306 1106 1331 1132 a
1361 1099 1473 1143 tergo
1485 1105 1499 1141 3

86 1160 182 1200 hinc
199 1159 371 1200 maiores
390 1172 586 1211 equorum
605 1159 860 1211 virorumque
880 1159 1058 1208 umbrae,
1079 1166 1119 1198 et
1139 1160 1253 1206 falso,
1274 1164 1319 1197 ut
1341 1156 1384 1197 in
1413 1170 1498 1197 cor-

85 1238 194 1277 pora,
234 1223 317 1265 ictu
347 1225 427 1264 tela
463 1223 641 1264 hostium
680 1224 778 1264 citra
815 1225 1040 1264 cadebant:
1083 1223 1288 1263 Vitelliani
1326 1223 1497 1262 adverso

84 1289 237 1330 lumine
263 1291 523 1330 conlucentes
556 1290 665 1330 velut
697 1303 745 1329 ex
774 1291 935 1330 occulto
963 1288 1229 1330 iaculantibus
1262 1287 1412 1328 incauti
1440 1284 1497 1327 of-
1517 1302 1557 1335 15

85 1355 322 1396 ferebantur.

248 1418 375 1472 Igitur
406 1419 621 1470 Antonius,
654 1419 725 1460 ubi
758 1433 924 1460 noscere
962 1433 1056 1460 suos
1093 1421 1288 1471 noscique
1324 1426 1493 1472 poterat,
1513 1428 1567 1467 24

83 1483 183 1524 alios
211 1485 366 1536 pudore
395 1491 436 1525 et
468 1484 635 1537 probris,
667 1487 814 1525 multos
844 1486 964 1525 laude
992 1492 1032 1525 et
1060 1486 1231 1534 hortatu,
1262 1485 1394 1525 omnis
1423 1498 1495 1535 spe

82 1549 371 1602 promissisque
421 1551 661 1598 accendens,
716 1564 788 1590 cur
852 1550 1159 1601 resumpsissent
1219 1564 1339 1600 arma,
1395 1552 1495 1590 Pan-

84 1614 252 1656 nonicas
279 1614 457 1666 legiones
491 1616 783 1667 interrogabat:
822 1616 911 1656 illos
942 1629 1030 1656 esse
1064 1629 1238 1667 campos,
1271 1616 1314 1655 in
1347 1616 1495 1667 quibus

83 1678 245 1720 abolere
288 1681 422 1721 labem
469 1681 610 1733 prioris
654 1681 908 1734 ignominiae,
959 1682 1028 1721 ubi
1074 1683 1291 1732 reciperare
1328 1683 1494 1732 gloriam
1515 1696 1533 1729 5

83 1753 258 1798 possent.
317 1753 404 1786 tum
431 1748 485 1788 ad
515 1747 720 1787 Moesicos
749 1761 964 1787 conversus
998 1746 1198 1798 principes
1231 1754 1495 1797 auctoresque

83 1810 179 1852 belli
209 1810 364 1851 ciebat:
411 1813 553 1852 frustra
591 1812 710 1852 minis
741 1820 782 1852 et
815 1812 944 1852 verbis
976 1820 1214 1864 provocatos
1244 1812 1491 1862 Vitellianos,

82 1874 118 1915 si
145 1888 288 1915 manus
315 1889 455 1916 eorum
481 1878 704 1928 oculosque
732 1891 816 1917 non
846 1879 1025 1917 tolerent.
1097 1878 1208 1925 haec,
1239 1884 1283 1916 ut
1312 1890 1495 1929 quosque

81 1948 330 1990 accesserat3
361 1942 475 1994 plura
507 1942 560 1982 ad
589 1942 791 1990 tertianos,
823 1949 1001 1982 veterum
1028 1941 1329 1993 recentiumque
1355 1944 1495 1982 admo—

126 2055 186 2090 23.
215 2059 230 2081 1
255 2049 426 2083 labantem
444 2050 502 2092 aL,
522 2051 645 2082 Meiser
760 2060 780 2081 2
803 2050 966 2092 excipere
983 2050 1027 2082 M
1142 2061 1162 2090 4
1182 2060 1202 2081 e
1217 2059 1323 2081 vacuo
1340 2049 1495 2083 Heraeus

83 2093 239 2134 disperso
254 2093 300 2125 M
425 2095 448 2126 6
469 2095 609 2135 quintae
625 2094 783 2136 LipSt‘us:
808 2099 951 2135 quartae
969 2094 1012 2125 M
1127 2104 1145 2134 7
1171 2094 1326 2133 clateque
1342 2093 1393 2133 M,
1411 2105 1492 2126 corr.

83 2135 141 2168 M¹
303 2137 326 2168 8
349 2141 486 2178 strages
501 2138 551 2178 M,
569 2148 648 2171 corr.
669 2137 726 2169 M1
891 2149 914 2180 9
938 2142 1180 2170 tormentorum
1197 2137 1266 2169 secl.
1287 2137 1492 2178 Nipperdey:

82 2183 256 2212 tormento
270 2179 420 2223 Lspsius,
438 2180 547 2214 Ritter
665 2191 704 2221 13
727 2186 765 2213 ut
781 2181 816 2213 in
834 2191 979 2222 corpora
995 2182 1062 2215 secl.
1079 2181 1256 2213 Hartman
1346 2190 1492 2222 corpore

82 2222 134 2263 M,
149 2234 231 2256 corr.
246 2223 289 2255 M
292 2223 304 2244 ¹
441 2234 480 2266 14
498 2225 594 2257 iactu
609 2225 789 2257 Aa'dalius

131 2273 194 2310 24.
220 2278 243 2299 2
265 2267 386 2300 laudes
402 2267 453 2308 M,
469 2279 549 2301 corr.
571 2267 628 2299 M¹
769 2278 790 2308 3
814 2278 875 2301 cur
890 2268 1157 2310 resumpsissent
1174 2266 1312 2310 Lassus
1328 2279 1336 2299 :
1359 2267 1489 2299 cur-rari

81 2311 313 2352 sumpsissent
329 2311 379 2353 M,
392 2322 452 2344 cur
467 2312 534 2345 rari
550 2312 586 2344 in
603 2313 757 2353 margine
772 2311 830 2344 M1
846 2324 854 2344 :
879 2323 941 2344 cur
958 2323 1036 2344 nam
1063 2312 1290 2353 sumpsissent
1311 2311 1488 2352 Agricola:

82 2363 144 2386 cur
160 2364 280 2387 rursus
294 2355 525 2396 sumpsissent
539 2356 711 2388 Fmetus:
737 2366 797 2387 cur
812 2355 900 2388 victa
916 2356 1182 2398 resumpsissent
1199 2354 1346 2396 Spengel
1470 2365 1488 2394 7

82 2397 210 2430 fnum
223 2397 360 2442 luisset}
378 2398 423 2430 M
551 2399 573 2431 8
595 2399 757 2432 tollerent
770 2398 813 2431 M

124 2450 199 2476 ‘rac-
217 2450 310 2476 msr.
490 2480 493 2485 ‚
1362 2443 1402 2475 10
