1748 2826
197 163 245 204 ,ΙΙ
263 164 316 212 76
709 163 986 203 CORNELII
1017 164 1211 204 TACITI

261 275 440 328 quisquis
474 275 642 315 timetur.
704 282 742 315 et
774 288 891 326 posse
913 269 976 314 'ab
1010 275 1180 315 exercitu
1214 274 1433 328 principem
1466 273 1550 316 fieri
1581 271 1656 316 sibi

259 341 344 393 ipse
363 341 546 381 Vitellius
567 342 824 388 documento,
846 340 963 380 nullis
990 340 1207 392 stipendiis,
1229 342 1337 380 nulla
1363 339 1519 380 militari
1539 341 1654 388 fama,

199 419 241 452 25
259 406 413 447 Galbae
443 406 539 446 odio
567 413 787 458 provectus.
846 420 897 445 ne
917 407 1121 447 Othonem
1150 406 1312 457 quidem
1339 405 1451 446 ducis
1478 413 1562 446 arte
1587 412 1656 445 aut

260 471 451 513 exercitus
489 471 541 521 vi,
587 473 658 511 sed
704 484 967 523 praepropera
1012 469 1135 521 ipsius
1181 469 1457 521 desperatione
1493 468 1654 518 victum,

259 536 338 576 iam
367 536 672 576 desiderabilem
701 544 742 576 et
769 549 959 586 magnum
991 534 1212 587 principem
1240 534 1344 584 fecit,
1373 547 1467 575 cum
1499 533 1656 574 interim

259 601 405 652 spargit
451 600 640 651 legiones,
677 607 850 640 exarmat
894 601 1079 649 cohortis,
1119 612 1224 639 nova
1266 598 1413 639 cotidie
1455 599 1564 640 bello
1598 612 1656 640 se-

260 665 368 705 mina
397 665 599 705 ministrat.
659 665 691 704 si
711 665 808 716 quid
837 664 987 704 ardoris
1014 677 1064 704 ac
1081 664 1252 705 ferociae
1278 663 1391 704 miles
1416 662 1567 713 habuit,
1587 676 1657 716 po·

199 747 242 779 30
260 730 364 782 pinis
384 738 422 769 et
446 728 793 770 comissationibus
821 736 860 768 et
886 727 1075 780 principis
1104 728 1324 768 imitatione
1343 727 1554 770 deteritur:
1582 723 1666 769 tibi'

260 809 283 835 e
303 796 454 835 Iudaea
481 802 520 834 et
549 794 658 846 Syria
687 801 726 833 et
745 795 928 845 Aegypto
957 806 1102 832 novem
1131 793 1307 844 legiones
1335 792 1519 843 integrae,
1546 793 1655 833 nulla

258 861 343 901 acie
380 861 602 908 exhaustae,
644 872 726 898 non
764 858 964 898 discordia
1000 865 1217 908 corruptae,
1259 858 1330 897 sed
1367 858 1543 898 firmatus
1579 869 1655 905 usu

259 926 371 965 miles
405 933 444 964 et
476 924 569 964 belli
597 924 770 964 domitor
801 923 978 964 externi:
1017 922 1205 963 classium
1243 924 1393 962 alarum
1430 921 1653 964 cohortium

257 991 401 1031 robora
415 997 454 1029 et
474 989 655 1029 fidissimi
675 1003 784 1041 reges
805 996 844 1028 et
863 996 934 1030 tua
947 994 1043 1029 ante
1061 988 1192 1028 omnis
1212 987 1478 1040 experientia!

188 1064 237 1104 77
423 1059 432 1077 ‘
448 1054 576 1094 Nobis
606 1054 705 1093 nihil
731 1055 833 1107 ultra
860 1054 1063 1105 adrogabo
1095 1067 1216 1105 quam
1244 1067 1295 1094 ne
1322 1060 1414 1105 post
1442 1054 1653 1094 Valentem

257 1128 297 1162 et
317 1120 532 1162 Caecinam
559 1132 834 1158 numeremur:
868 1132 920 1158 ne
946 1126 1080 1159 tamen
1107 1118 1343 1159 Mucianum
1373 1118 1526 1159 socium
1550 1132 1654 1172 spre-

256 1185 368 1234 veris,
390 1186 484 1236 quia
512 1185 713 1223 aemulum
742 1197 825 1223 non
853 1183 1047 1235 experiris.
1106 1197 1171 1223 me
1190 1183 1352 1223 Vitellio
1379 1185 1594 1235 antepono,
1613 1190 1654 1224 te

257 1251 365 1290 mihi.
423 1258 514 1289 tuae
534 1248 672 1289 domui
692 1248 930 1300 triumphale
950 1262 1109 1298 nomen,
1129 1250 1212 1288 duo
1231 1248 1405 1297 iuvenes,
1425 1261 1550 1300 capax
1572 1246 1652 1287 iam

219 1333 237 1365 5
257 1316 409 1369 imperii
443 1318 540 1356 alter
570 1323 609 1355 et
637 1314 774 1366 primis
808 1314 972 1354 militiae
997 1314 1112 1354 annis
1140 1315 1248 1365 apud
1273 1313 1533 1354 Germanicos
1557 1326 1653 1365 quo-

256 1394 335 1434 que
368 1381 559 1422 exercitus
593 1383 731 1420 clarus.
788 1380 1006 1420 absurdum
1040 1379 1155 1420 fuerit
1187 1393 1270 1420 non
1307 1381 1449 1420 cedere
1484 1378 1653 1432 imperio

256 1447 293 1487 ei
322 1446 434 1486 cuius
464 1446 589 1485 filium
612 1446 875 1496 adoptaturus
905 1457 1045 1493 essem,
1075 1444 1108 1484 si
1136 1444 1222 1497 ipse
1248 1444 1494 1496 imperarem.
1550 1451 1652 1484 cete-

255 1525 343 1550 rum
376 1512 477 1550 inter
507 1523 581 1549 nos
611 1522 693 1548 non
723 1509 831 1549 idem
859 1522 1136 1560 prosperarum
1159 1510 1495 1561 adversarumque
1521 1522 1650 1550 rerum

256 1577 355 1615 ordo
381 1575 476 1615 erit:
514 1587 608 1613 nam
633 1574 666 1613 si
686 1573 891 1623 vincimus,
913 1575 1107 1614 honorem
1133 1586 1254 1625 quem
1279 1574 1437 1615 dederis
1465 1575 1651 1616 habebo:

199 1658 238 1680 10
255 1640 468 1680 discrimen
496 1652 544 1678 ac
572 1639 748 1690 pericula
775 1651 825 1677 ex
852 1652 982 1689 aequo
1010 1638 1216 1690 patiemur.
1272 1638 1412 1689 immo,
1438 1647 1483 1680 ut
1510 1640 1651 1681 melius

256 1714 324 1754 est,
347 1712 390 1745 tu
419 1712 510 1745 tuos
537 1703 730 1744 exercitus
758 1716 860 1754 rege,
882 1702 978 1742 mihi
1004 1703 1156 1743 bellum
1172 1709 1213 1744 et
1238 1703 1479 1755 proeliorum
1501 1703 1651 1745 incerta

255 1772 375 1811 trade.
447 1769 597 1809 acriore
634 1767 756 1808 hodie
793 1767 1003 1819 disciplina
1031 1767 1125 1807 victi
1155 1781 1279 1819 quam
1311 1768 1479 1809 victores
1515 1777 1648 1821 agunt.

254 1838 329 1876 hos
362 1835 431 1884 ira,
459 1834 612 1883 odium,
640 1833 802 1873 ultionis
836 1832 1030 1884 cupiditas
1058 1833 1111 1872 ad
1137 1832 1322 1872 virtutem
1347 1833 1556 1874 accendit:
1593 1833 1651 1874 illi

255 1914 325 1953 per
353 1899 554 1939 fastidium
583 1905 622 1937 et
651 1897 902 1937 contumacia
934 1897 1164 1937 hebescunt.
1221 1895 1370 1948 aperiet
1402 1904 1442 1937 et
1473 1898 1651 1938 recludet

198 1983 236 2016 15
256 1972 439 2006 contecta
472 1970 512 2002 et
548 1962 811 2009 tumescentia
842 1961 1062 2002 victricium
1099 1961 1269 2013 partium
1301 1963 1463 2002 vulnera
1499 1963 1650 2003 bellum

255 2031 411 2082 ipsum3
439 2042 513 2068 nee
539 2027 635 2066 mihi
664 2027 787 2066 maior
813 2027 854 2066 in
880 2034 948 2066 tua
966 2026 1165 2078 vigilantia
1190 2026 1431 2078 parsimonia
1456 2025 1650 2079 sapientia

255 2093 401 2135 fiducia
421 2100 480 2133 est
498 2106 619 2144 quam
646 2092 687 2131 in
707 2091 857 2131 Vitellii
877 2099 1035 2143 torpore
1060 2091 1216 2131 inscitia
1242 2091 1416 2131 saevitia.
1473 2092 1545 2132 sed
1571 2104 1650 2132 me-

255 2208 297 2237 24
320 2196 403 2228 nulli
419 2195 461 2226 M
605 2195 648 2225 26
671 2194 842 2226 exercitus
873 2195 906 2225 vi
936 2193 1141 2226 Rhenanus:
1182 2194 1334 2227 exercitu
1363 2194 1416 2226 sui
1447 2193 1491 2226 M
1572 2204 1649 2236 pro-

255 2250 401 2282 propera
414 2238 462 2280 M,
481 2248 559 2270 corr.
576 2237 633 2268 M1
754 2247 799 2277 3ο
822 2238 1151 2270 commissationibus
1163 2237 1206 2268 M
1318 2246 1361 2278 34
1382 2237 1495 2270 omnia
1509 2236 1654 2279 Ruperti

298 2290 352 2325 77.
372 2294 387 2314 1
414 2281 640 2322 postulantem
673 2280 722 2321 M,
757 2291 835 2312 corr.
869 2292 915 2313 m.
950 2281 1169 2313 recentissima
1338 2290 1378 2313 10
1400 2281 1585 2322 partiemur
1613 2291 1647 2320 a,

254 2326 458 2359 Puteolanus
606 2334 642 2355 11
670 2329 705 2356 tu
722 2329 798 2355 tuos
819 2324 1012 2366 Kz'essling:
1046 2329 1124 2356 tuos
1141 2324 1182 2356 M
1196 2336 1203 2356 :
1236 2328 1273 2355 tu
1288 2324 1352 2356 hos
1370 2334 1402 2366 a,
1418 2324 1657 2356 Puteolanus:

255 2375 290 2402 tu
307 2375 399 2402 tutus
414 2367 594 2410 Nipperdey
771 2378 809 2407 14
834 2368 1078 2400 contumaciam
1096 2367 1183 2408 dett„
1203 2367 1323 2400 Meiser
1405 2367 1593 2400 hebescunt
1608 2366 1651 2397 M

257 2412 425 2454 recludet]
443 2411 612 2444 rescindet
629 2410 771 2443 tentabat
785 2411 962 2452 Nettlesht'p
