1748 2826
191 149 251 187 111
271 157 334 197 50·
723 126 999 189 CORNELII
1029 147 1224 188 TACITI

271 260 463 302 industria
499 262 644 301 aderat.
714 261 765 301 ad
803 262 874 300 has
913 259 1047 311 copias
1084 273 1106 299 e
1144 258 1315 300 classicis
1354 256 1664 307 Ravennatibuss,

271 326 524 378 legionariam
564 325 743 365 militiam
782 324 1048 376 poscentibus,
1083 324 1257 375 optimus
1295 323 1464 375 quisque
1500 321 1667 364 adsciti:

273 394 438 432 classem
460 392 668 431 Dalmatae
693 391 934 442 supplevere.
993 390 1184 428 exercitus
1210 391 1415 439 ducesque
1433 388 1487 427 ad
1510 389 1666 427 Fanum

216 470 253 502 15
275 459 472 497 Fortunae
496 457 568 496 iter
592 456 744 503 sistunt,
776 457 827 495 de
847 468 1003 495 summa
1025 468 1155 494 rerum
1181 461 1426 501 cunctantes,
1458 454 1568 504 quod
1586 465 1668 492 mo·

274 530 332 561 tas
370 536 418 561 ex
450 522 548 561 urbe
585 520 797 571 praetorias
835 519 1008 559 cohortis
1045 518 1252 558 audierant
1290 526 1329 558 et
1366 519 1491 558 teneri
1526 517 1670 570 praesi-

273 586 349 626 diis
379 585 664 637 Appenninum
695 586 904 632 rebantur;
932 590 972 622 et
1002 582 1108 634 ipsos
1139 582 1181 621 in
1211 582 1371 633 regione
1399 582 1507 622 bello
1530 581 1670 622 attrita

273 651 475 702 inopia'et
506 649 716 689 seditiosae
745 648 915 687 militum
948 660 1067 686 voces
1100 647 1310 695 terrebant,
1341 646 1552 686 clavarium
1583 645 1672 699 (do-

274 714 394 754 nativi
414 727 562 753 nomen
587 713 664 764 est)
683 711 953 763 flagitantium.
1012 725 1087 751 nec
1111 711 1322 762 pecuniam
1341 718 1409 750 aut
1427 712 1670 751 frumentum

216 796 256 818 20
275 779 535 831 providerant,
567 785 606 817 et
637 776 835 816 festinatio
868 783 988 827 atque
1020 775 1186 815 aviditas
1221 775 1542 827 praepediebant,
1570 769 1669 816 dum

275 858 377 895 quae
396 843 524 893 accipi
544 848 727 893 poterant
746 840 959 892 rapiuntur.

214 920 257 959 51
438 906 728 948 Celeberrimos
771 912 952 945 auctores
990 905 1120 944 habeo
1158 911 1309 945 tantam
1347 904 1561 944 victoribus
1605 906 1672 951 ad-

274 986 408 1013 versus
442 974 499 1012 fas
532 973 723 1022 nefasque
760 970 1061 1010 inreverentiam
1095 969 1215 1009 fuisse
1245 976 1290 1008 ut
1319 969 1516 1020 gregarius
1548 982 1671 1021 eques

271 1038 451 1079 occisum
481 1051 505 1077 a
543 1050 585 1076 se
623 1036 801 1088 proxima
837 1035 922 1075 acie
959 1036 1117 1074 fratrem
1155 1035 1354 1085 professus
1387 1033 1625 1085 ‚praemium
1648 1047 1673 1074 a

275 1105 445 1145 ducibus
465 1102 630 1155 petierit.
683 1114 758 1142 nec
777 1100 852 1140 illis
872 1107 940 1139 aut
959 1101 1155 1140 honorare
1174 1112 1262 1139 eam
1282 1100 1448 1140 caedem
1467 1099 1528 1139 ius
1547 1098 1673 1139 homi-

239 1186 256 1219 5
277 1183 374 1208 num
399 1175 469 1208 aut
490 1167 626 1207 ulcisci
647 1166 745 1205 ratio
769 1165 862 1205 belli
887 1165 1153 1216 permittebat.
1210 1163 1443 1204 distulerant
1467 1171 1672 1215 tamquam

277 1234 426 1273 maiora
455 1232 638 1272 meritum
672 1243 792 1281 quam
823 1243 926 1281 quae
955 1228 1087 1268 statim
1116 1229 1388 1268 exolverentur
1400 1242 1411 1277 3
1451 1241 1527 1268 nec
1557 1228 1671 1280 quid·

277 1311 397 1349 quam
427 1299 529 1337 ultra
558 1296 733 1336 traditur.
791 1301 966 1334 ceterum
995 1301 1035 1333 et
1062 1293 1257 1345 prioribus
1286 1292 1432 1332 civium
1460 1292 1574 1333 bellis
1601 1306 1673 1345 par

277 1365 405 1403 scelus
428 1361 630 1401 inciderat.
687 1372 780 1398 nam
807 1358 967 1409 proelio,
990 1371 1071 1409 quo
1099 1358 1208 1408 apud
1235 1356 1459 1396 Ianiculum
1485 1358 1672 1397 adversus

278 1428 451 1469 Cinnam
476 1432 695 1477 pugnatum
726 1430 796 1472 est,
819 1422 1086 1474 Pompeianus
1110 1421 1224 1461 miles
1244 1423 1401 1461 fratrem
1429 1434 1558 1470 suum,
1579 1421 1672 1461 dein

222 1511 260 1533 10
278 1492 439 1544 cognito
476 1491 650 1531 facinore
682 1503 724 1529 se
761 1489 891 1540 ipsum
930 1487 1135 1536 interfecit,
1168 1494 1212 1526 ut
1239 1487 1417 1527 ‘Sisenna
1454 1494 1671 1527 memorat:

279 1565 391 1598 tanto
418 1557 543 1597 acrior
568 1556 677 1607 apud
699 1554 880 1603 maiores,
907 1554 1007 1593 sicut
1035 1552 1244 1593 virtutibus
1271 1552 1404 1604 gloria,
1435 1551 1490 1591 ita
1516 1552 1695 1603 flagitiis,

278 1622 520 1675 paenitentia
545 1621 629 1660 fuit.
688 1621 759 1660 sed
784 1621 882 1659 haec
910 1619 1066 1670 aliaque
1094 1631 1143 1658 ex
1165 1625 1296 1658 vetere
1318 1616 1510 1657 memoria
1535 1616 1670 1668 petita,

278 1688 463 1740 quotiens
492 1699 553 1726 res
577 1687 769 1735 locusque
798 1685 978 1735 exempla
1008 1682 1104 1723 recti
1132 1689 1200 1722 aut
1228 1680 1374 1722 solacia
1401 1680 1495 1720 mali
1522 1688 1670 1733 poscet,

280 1754 389 1793 haud
407 1753 579 1792 absurde
598 1749 918 1790 memorabimus.

213 1837 263 1877 52
444 1816 622 1856 Antonio
643 1815 893 1865 ducibusque
919 1812 1088 1864 partium
1108 1811 1305 1863 praemitti
1327 1810 1479 1862 equites
1498 1823 1673 1850 omnem-

281 1898 360 1936 que
379 1884 586 1923 Vmbriam
608 1881 798 1934 explorari
818 1881 974 1932 placuit,
997 1879 1029 1918 si
1049 1891 1128 1929 qua
1146 1876 1378 1929 Appennini
1396 1876 1487 1927 iuga
1505 1877 1673 1915 clemen-

281 1949 357 1989 tius
387 1948 610 1988 adirentur:
644 1946 762 1986 acciri
792 1944 945 1995 aquilas
977 1943 1165 1994 signaque
1194 1948 1233 1981 et
1266 1938 1463 1991 quidquid
1490 1941 1673 1979 Veronae

282 2014 464 2053 militum
489 2015 599 2060 foret,
641 2012 875 2060 Padumque
916 2015 956 2047 et
999 2020 1106 2046 mare
1143 2004 1432 2045 commeatibus
1469 2002 1671 2054 compleri.

245 2096 263 2128 5
283 2085 393 2119 erant
426 2080 527 2117 inter
556 2079 678 2116 duces
712 2074 780 2126 qui
810 2079 1012 2112 necterent
1045 2083 1197 2110 moras:
1236 2068 1384 2120 quippe
1414 2066 1562 2107 nimius
1593 2066 1673 2107 iam

283 2143 492 2191 Antonius,
525 2149 564 2182 et
592 2141 756 2181 certiora
782 2153 829 2178 ex
855 2136 1047 2176 Muciano
1073 2134 1340 2185 sperabantur.
1384 2145 1558 2183 namque
1584 2133 1674 2171 Mu-

286 2258 324 2278 12
347 2243 478 2281 aderat]
497 2243 619 2283 agebat
635 2241 774 2283 Spengel
886 2247 925 2277 15
949 2241 1124 2269 cunctates
1139 2236 1183 2267 M
1278 2246 1316 2275 17
1345 2234 1484 2274 regione
1500 2233 1671 2266 Faernus:

282 2290 417 2330 legione
434 2287 477 2318 M
608 2286 647 2316 18
670 2282 818 2316 donativi
834 2291 958 2313 nomen
976 2285 1029 2311 est
1043 2280 1112 2311 secl.
1134 2277 1277 2310 Castalio

327 2339 378 2374 51.
406 2341 426 2371 5
449 2328 652 2361 distulerunt
668 2327 727 2358 det.
911 2325 934 2355 6
956 2333 1053 2363 quam
1070 2333 1158 2362 quae
1173 2321 1402 2353 Puteolanus:
1425 2327 1618 2361 quanquam
1634 2318 1674 2350 M

286 2386 326 2408 10
348 2376 423 2415 ipse
439 2372 610 2414 Rupertus
698 2370 870 2401 sisennam
886 2367 938 2406 M,
955 2377 1034 2400 corr.
1053 2366 1109 2397 Ml
1243 2373 1280 2398 11
1304 2363 1422 2405 flagitii
1437 2362 1502 2397 det.
