1748 2826
441 119 850 160 HISTORIARVM
882 119 1056 159 LIBER
1086 120 1153 158 111
1432 119 1575 159 11186

0 227 27 293 ,Α
93 233 234 275 aetatis
269 246 421 275 annum
459 232 654 285 explebat,
687 233 951 280 consulatum,
986 232 1217 281 sacerdotia,
1257 244 1407 271 nomen
1445 233 1500 271 lo-

14 292 19 330 Ῐ
92 311 268 352 cumque
289 299 391 340 inter
418 298 611 352 primores
638 299 748 337 nulla
776 310 848 337 sua
876 297 1079 345 industria,
1109 298 1180 337 sed
1207 303 1351 336 cuneta
1378 296 1500 348 patris

92 363 329 406 claritudine
355 365 536 417 adeptus.
592 362 858 415 principatum
888 362 925 402 ei
948 363 1127 402 detulere
1153 361 1223 413 qui
1253 361 1384 413 ipsum
1416 375 1499 400 non

18 443 19 446 ¹
91 435 312 471 noverant:
336 428 472 471 studia
501 427 694 469 exercitus
720 441 808 468 raro
838 429 1024 480 cuiquam
1056 426 1174 467 bonis
1205 427 1355 467 artibus
1381 440 1500 479 quae·
1518 441 1537 474 5

93 493 170 536 sita
194 493 364 548 perinde
387 495 551 535 adfuere
574 507 695 546 quarn
722 494 816 533 huic
844 506 915 545 per
943 492 1153 545 ignaviam.
1212 492 1338 533 inerat
1363 499 1498 532 tamen

91 558 324 612 simplicitas
352 573 402 601 ac
431 559 655 608 liberalitas,
696 573 811 611 quae,
850 559 892 599 ni
931 561 1034 600 adsit
1072 560 1228 608 modus,
1263 559 1304 598 in
1335 557 1498 598 exitium

19 650 26 662 ι
90 632 306 666 vertuntur.
364 624 559 665 amicitias
593 625 691 665 dum
725 624 1002 675 magnitudine
1037 637 1257 671 munerum,
1292 636 1375 662 non
1406 636 1500 662 con—

18 688 25 715 .·
92 689 238 731 stantia
268 703 427 734 morum
458 689 653 730 contineri
691 697 817 741 putat,
851 689 995 729 meruit
1034 690 1158 740 magis
1192 702 1314 740 quam
1345 687 1497 727 habuit.

91 754 148 796 rei
175 754 361 808 publicae
389 755 499 796 haud
529 754 651 795 dubie
682 754 867 795 intererat
892 753 1099 794 Vitellium
1125 753 1240 802 vinci,
1270 755 1341 793 sed
1375 753 1500 804 impu·
1522 771 1562 793 10

91 828 175 862 tate
204 820 413 874 perfidiam
443 834 526 860 non
560 827 728 872 possunt
759 819 828 872 qui
858 819 1065 860 Vitellium
1094 819 1343 871 Vespasiano
1370 819 1499 871 prodi-
1555 862 1557 865 ζ

91 887 198 936 dere,
219 899 312 927 cum
331 900 356 927 a
375 886 506 927 Galba
525 885 794 926 descivissent.

146 950 358 1004 Praecipiti
395 951 438 992 in
475 963 663 992 occasum
697 951 763 991 die
802 951 856 990 ob
889 963 1077 1003 pavorem
1113 950 1411 1002 magistratuum
1444 964 1499 990 se-

14 1043 18 1046 ·
90 1024 368 1070 natorumque,
390 1017 460 1070 qui
480 1017 622 1070 dilapsi
652 1031 700 1058 ex
726 1017 825 1057 urbe
850 1023 919 1057 aut
943 1029 1014 1068 per
1041 1018 1185 1056 domos
1209 1015 1414 1056 clientium
1444 1029 1501 1055 se-

92 1088 175 1123 met
212 1082 479 1132 occultabant,
515 1083 647 1123 vocari
686 1089 847 1122 senatus
886 1094 968 1121 non
1006 1083 1149 1134 potuit.
1207 1080 1498 1128 Domitianum,
1521 1093 1561 1128 15

91 1155 307 1201 postquam
338 1149 439 1190 nihil
475 1149 620 1191 hostile
658 1148 920 1197 metuebatur,
955 1148 1008 1188 ad
1041 1148 1165 1187 duces
1204 1146 1375 1198 partium
1414 1159 1502 1198 pro-

91 1227 270 1266 gressum
293 1221 334 1256 et
357 1216 572 1257 Caesarem
595 1215 892 1255 consalutatum
917 1211 1033 1254 miles
1057 1214 1245 1265 frequens
1269 1219 1394 1264 utque
1417 1219 1500 1253 erat

93 1279 134 1320 in
153 1278 273 1320 armis
294 1279 335 1320 in
355 1286 540 1333 paternos
559 1279 715 1332 penatis
735 1278 912 1320 deduxit.

91 1397 112 1427 4
136 1386 342 1429 prinlpatum
358 1385 400 1418 M
487 1385 519 1418 ei
535 1386 689 1418 detulere
705 1384 917 1417 Rhenanus:
941 1384 1052 1416 eidem
1070 1384 1179 1416 tulere
1193 1383 1234 1415 M
1329 1385 1350 1416 8
1373 1384 1501 1424 magni·

92 1430 249 1462 tudinem
266 1429 315 1471 M,
331 1440 410 1462 corr.
424 1429 482 1461 Μι
645 1439 667 1470 9
690 1428 858 1461 contineri
873 1427 1069 1460 Acidalius:
1095 1428 1272 1460 continere
1289 1427 1332 1459 M
1339 1429 1499 1469 probante

97 1472 244 1506 Wamm
378 1483 420 1505 10
440 1472 562 1506 vicinis
578 1472 620 1506 M
752 1482 791 1514 13
816 1471 962 1515 precipit
977 1471 1020 1503 M
