1748 2826
447 127 854 167 HISTORIARVM
887 128 1059 166 LIBER
1089 128 1150 166 IV
1442 127 1503 166 IV
1520 135 1578 175 59

97 240 248 279 dorem.
306 238 527 290 digressum
546 239 744 278 ‘Voculam
770 246 809 278 et
836 240 888 278 de
913 238 1109 289 supremis
1133 238 1351 289 agitantem
1371 237 1502 279 liberti

95 305 276 356 servique
308 303 550 356 prohibuere
578 302 849 343 foedissimam
884 310 1053 343 mortem
1087 311 1231 354 sponte
1260 303 1500 356 praevenire.

93 375 135 409 et
163 368 365 410 Classicus
392 367 517 409 misso
544 367 720 408 Aemilio
747 368 943 420 Longino,
973 369 1174 408 desertore
1203 368 1354 420 primae
1382 368 1501 422 legio-

93 432 167 482 nis,
188 434 355 474 caedem
379 433 466 474 eius
492 434 729 483 maturavit3
757 433 1009 473 Herennium
1031 440 1070 473 et
1090 433 1322 473 Numisium
1348 436 1499 487 legatos
1519 448 1537 481 5

92 496 230 538 vinciri
256 498 350 539 satis
369 498 510 539 visum.
567 498 663 539 dein
690 498 858 551 sumptis
888 498 1062 539 Romani
1092 498 1248 551 imperii
1277 499 1499 551 insignibus

91 562 134 603 in
153 570 281 604 castra
300 563 419 604 venit.
477 577 555 604 nec
575 563 643 613 illi,
669 577 914 616 quamquam
940 565 994 605 ad
1016 577 1139 605 omne
1159 563 1316 619 facinus
1343 565 1496 614 durato,

91 629 213 669 verba
248 631 351 670 ultra
383 628 689 682 suppeditavere
725 643 847 681 quam
885 637 929 669 ut
960 637 1256 670 sacramentum
1293 630 1499 671 recitaret:

90 693 267 735 iuravere
303 694 372 747 qui
405 696 572 735 aderant
605 708 677 746 pro
714 694 882 746 imperio
914 694 1144 735 Galliarum.
1204 695 1500 736 interfectorem

90 760 270 800 Voculae
297 760 387 800 altis
417 760 637 808 ordinibus,
673 767 837 809 ceteros,
879 767 924 800 ut
954 759 1126 813 quisque
1158 760 1352 812 flagitium
1383 774 1501 802 nava·
1522 778 1563 801 10

89 833 208 875 verat,
237 825 422 878 praemiis
450 825 606 866 attollit.

145 891 306 931 Divisae
343 891 438 932 inde
476 893 578 931 inter
609 892 803 931 Tutorem
842 899 882 931 et
920 890 1143 932 Classicum
1182 905 1310 931 curae.
1370 893 1500 932 Tutor

87 955 220 997 valida
245 970 367 996 manu
392 956 662 996 circumdatos
688 955 991 1007 Agrippinensis
1018 964 1296 1007 quantumque
1325 955 1498 997 militum

55 1027 58 1030 ’
86 1022 198 1073 apud
222 1021 466 1074 superiorem
497 1021 631 1062 Rheni
660 1020 786 1073 ripam
816 1023 856 1060 in
884 1022 1027 1062 eadem
1046 1021 1167 1061 verba
1195 1021 1331 1073 adigit,
1353 1021 1497 1062 occisis

88 1086 337 1138 Mogontiaci
366 1086 546 1135 tribunis,
571 1087 689 1139 pulso
715 1094 935 1126 castrorum
964 1087 1178 1138 praefecto,
1204 1085 1275 1138 qui
1303 1087 1498 1128 detracta·
1519 1101 1559 1134 15

85 1158 246 1192 verant:
275 1150 478 1193 Classicus
504 1150 848 1203 corruptissimum
877 1164 1080 1203 quemque
1107 1165 1130 1191 e
1157 1151 1306 1192 deditis
1334 1164 1497 1204 pergere

85 1217 138 1257 ad
175 1217 362 1258 obsessos
398 1215 523 1266 iubet,
557 1215 716 1256 veniam
753 1216 1002 1264 ostentantis,
1039 1215 1072 1255 si
1105 1215 1328 1268 praesentia
1357 1230 1497 1269 seque-

84 1283 384 1338 renturzlaliter
411 1280 511 1322 nihil
538 1282 637 1334 spei,
662 1282 810 1322 samem
838 1283 1066 1333 ferrumque
1092 1288 1132 1322 et
1160 1289 1335 1323 extrema
1361 1297 1496 1336 passu-

84 1361 163 1389 ros.
218 1339 401 1388 adiecere
419 1346 490 1400 qui
509 1346 619 1387 missi
639 1354 752 1388 erant
770 1348 998 1398 exemplum
1019 1361 1148 1387 suum.

248 1414 447 1455 Obsessos
489 1412 585 1453 hinc
631 1414 743 1462 fides,
787 1412 883 1454 inde
930 1421 1084 1465 egestas
1126 1413 1229 1454 inter
1276 1415 1399 1454 decus
1446 1428 1494 1454 ac
1513 1415 1572 1454 60

85 1479 279 1531 flagitium
321 1478 606 1520 distrahebant.
664 1477 947 1519 cunctantibus
990 1478 1107 1519 solita
1149 1479 1389 1530 insolitaque
1428 1480 1493 1519 ali-

83 1552 220 1586 menta
256 1546 433 1594 deerant,
467 1543 690 1597 absumptis
723 1544 912 1585 iumentis
941 1546 1136 1597 equisque
1168 1552 1208 1584 et
1239 1544 1379 1585 ceteris
1412 1546 1493 1585 ani-

83 1611 267 1660 malibus,
303 1624 407 1662 quae
443 1612 610 1662 profana
646 1611 846 1662 foedaque
884 1610 926 1650 in
963 1624 1081 1650 usum
1115 1609 1331 1651 necessitas
1364 1609 1488 1650 vertit.

83 1675 250 1728 virgulta
275 1683 479 1728 postremo
507 1684 547 1716 et
575 1675 707 1729 stirpis
732 1684 773 1717 et
802 1677 1016 1716 internatas
1043 1675 1146 1715 saxis
1172 1675 1320 1716 herbas
1347 1677 1491 1716 vellen-
1512 1689 1530 1722 5

81 1748 142 1781 tes
167 1741 411 1782 miseriarum
439 1741 734 1794 patientiaeque
761 1743 1049 1783 documentum
1077 1742 1197 1790 fuere,
1223 1742 1359 1782 donec
1386 1755 1490 1794 egre-

80 1806 186 1859 giam
213 1807 376 1847 laudem
405 1808 486 1847 fine
512 1807 616 1859 turpi
642 1809 899 1857 macularent,
921 1806 1050 1846 missis
1076 1808 1129 1847 ad
1153 1806 1325 1848 Civilem
1352 1807 1490 1859 legatis

80 1871 203 1912 vitam
234 1879 406 1912 orantes.
464 1886 597 1924 neque
623 1881 718 1913 ante
746 1887 884 1925 preces
911 1873 1110 1913 admissae
1140 1886 1261 1924 quam
1296 1872 1338 1913 in
1369 1873 1490 1913 verba

80 1936 299 1977 Galliarum
325 1936 521 1978 iurarent:
551 1946 636 1978 tum
657 1946 796 1990 pactus
816 1939 1005 1991 praedam
1025 1945 1243 1978 castrorum
1264 1939 1333 1978 dat
1360 1946 1489 1978 custo-

79 2002 152 2042 des
180 2001 248 2054 qui
282 2002 495 2055 pecuniam
527 2005 688 2043 calones
723 2003 895 2044 sarcinas
929 2010 1171 2043 retentarent
1204 2011 1244 2043 et
1278 2003 1347 2055 qui
1380 2003 1488 2055 ipsos
1510 2017 1550 2040 10

79 2067 176 2107 levis
215 2068 400 2109 abeuntis
438 2076 779 2121 prosequerentur.
839 2070 891 2108 ad
925 2068 1110 2120 quintum
1148 2069 1273 2108 ferme
1312 2068 1486 2120 lapidem

123 2184 188 2220 59.
214 2187 235 2208 2
259 2177 434 2219 digressus
449 2178 498 2219 M,
517 2189 596 2211 corr.
615 2177 670 2210 ΙΙΙ1
832 2187 871 2218 13
894 2176 1038 2209 validam
1056 2175 1105 2217 M,
1125 2186 1204 2208 corr.
1225 2175 1283 2207 M1
1373 2177 1486 2218 agrip-

78 2221 218 2263 pienses
234 2221 278 2253 M
396 2232 434 2262 ¹4
457 2221 571 2264 occisi}
592 2222 636 2253 M
745 2230 783 2260 15
808 2221 1080 2253 detrectaverant
1096 2219 1144 2252 ed.
1164 2218 1334 2262 Spirensis
1373 2236 1378 2239 -
1447 2222 1485 2252 16

78 2265 271 2298 Classicum
287 2265 336 2306 M,
354 2275 436 2298 corr.
455 2265 512 2297 Μι
629 2264 741 2308 {editis
760 2264 810 2304 M,
826 2269 985 2306 superscr.
1002 2264 1037 2295 di
1053 2262 1111 2295 Μι
1295 2265 1335 2295 18
1357 2264 1428 2296 nihl
1445 2263 1488 2295 M

77 2309 234 2350 passuris
248 2308 391 2351 Spengel

121 2351 188 2386 60.
212 2361 234 2393 3
257 2352 439 2394 assumptis
454 2352 497 2383 M
606 2362 646 2384 10
668 2352 850 2384 sacircinas
867 2350 910 2382 M
972 2355 1007 2382 et
1022 2351 1079 2392 qui
1097 2350 1270 2393 Agricola,
1288 2350 1460 2383 Andresen
1476 2362 1483 2382 ι

76 2396 170 2438 atqui
186 2396 248 2430 M:
272 2401 374 2437 atque
390 2395 533 2428 Pie-hena
668 2406 704 2427 11
731 2396 837 2428 ferme
859 2393 1023 2438 Wc'igfflin:
1048 2395 1119 2427 sere
1136 2395 1179 2426 M

120 2461 195 2487 uc.
214 2461 305 2486 ursr.
1354 2451 1395 2484 16
