1748 2826
474 162 883 204 HISTORIARVM
915 163 1088 202 LIBER
1116 163 1177 202 IV
1468 162 1528 200 IV
1546 170 1597 211 72

118 278 246 331 ribus,
278 277 349 330 qui
368 290 510 318 vocem
547 288 766 328 precesque
802 274 996 315 adhibere
1031 287 1116 315 non
1153 274 1240 314 ausi
1277 272 1448 313 lacrimis
1480 286 1528 313 ac

119 343 280 385 silentio
312 342 471 384 veniam
501 341 734 394 poscebant,
767 342 899 381 donec
935 339 1103 382 Cerialis
1136 342 1326 379 mulceret
1358 338 1525 386 animos,

119 411 204 450 sato
239 415 329 450 acta
370 407 558 448 dictitans
596 420 699 459 quae
742 405 913 446 militurn
952 407 1184 456 ducumque
1229 404 1429 444 discordia
1466 405 1529 443 vel
1551 418 1591 440 20

119 474 259 515 fraude
290 473 469 514 hostium
507 473 743 513 evenissent.
802 473 977 523 primum
1015 470 1125 509 illum
1161 469 1449 522 stipendiorum
1489 477 1529 509 et

119 540 357 581 sacramenti
391 538 499 580 diem
527 538 746 578 haberent:
785 537 965 590 priorum
993 535 1215 576 facinorum
1244 547 1377 586 neque
1407 534 1531 587 impe-

119 612 292 646 ratorem
320 617 453 657 neque
482 617 525 644 se
552 603 793 644 meminisse.
853 610 951 643 tunc
974 602 1121 653 recepti
1149 601 1190 640 in
1217 602 1360 640 eadem
1390 608 1528 650 castra,

119 677 162 712 et
187 670 368 712 edictum
388 683 461 723 per
480 669 706 721 manipulos
730 682 782 709 ne
809 669 898 721 quis
922 668 963 709 in
984 666 1201 708 certamine
1227 666 1402 718 iurgiove
1432 667 1532 707 sedi-

119 736 275 778 tionem
294 727 364 778 aut
382 738 539 778 cladem
559 735 826 776 commilitoni
845 736 1073 776 obiectaret.
1552 750 1569 773 2
1575 750 1593 783 5

283 803 386 842 Mox
418 802 601 842 Treviros
630 814 678 842 ac
707 802 910 853 Lingonas
943 802 995 840 ad
1024 798 1257 839 contionem
1286 807 1449 840 vocatos
1478 799 1533 839 ita
1551 809 1601 850 73

118 866 375 920 adloquitur:
407 872 564 919 ‘neque
585 880 660 918 ego
686 880 881 918 umquam
905 865 1135 906 facundiam
1155 865 1324 914 exercui,
1347 873 1386 906 et
1409 879 1533 917 popu-

119 933 148 973 li
187 931 366 974 Romani
401 934 590 973 virtutem
627 931 747 972 armis
790 931 1021 972 adfirmavi:
1069 933 1141 972 sed
1182 931 1377 983 quoniam
1423 932 1532 982 apud

119 1012 193 1040 vos
212 999 340 1040 verba
363 998 579 1050 plurimum
602 999 736 1037 valent
764 997 953 1048 bonaque
971 1011 1019 1037 ac
1042 998 1148 1037 mala
1170 1010 1254 1036 non
1282 1010 1353 1037 sua
1379 1003 1529 1045 natura,

120 1065 195 1106 sed
224 1064 394 1106 vocibus
424 1063 704 1104 seditiosorum
735 1062 1005 1110 aestimantur,
1037 1062 1156 1102 statui
1184 1075 1313 1113 pauca
1341 1062 1532 1102 disserere
1550 1076 1569 1109 5

120 1144 226 1184 quae
259 1131 469 1183 profligato
506 1129 616 1169 bello
650 1116 788 1168 i1tilius
827 1128 877 1168 sit
910 1128 1025 1168 vobis
1063 1127 1223 1167 audisse
1254 1140 1375 1179 quam
1413 1126 1532 1166 nobis

120 1196 278 1238 dixisse.
337 1203 481 1236 terram
501 1202 671 1236 vestram
699 1201 1004 1245 ceterorumque
1025 1194 1233 1234 Gallorum
1255 1192 1421 1245 ingressi
1440 1201 1533 1233 sunt

120 1263 250 1304 duces
269 1261 609 1314 imperatoresque
638 1258 814 1299 Romani
843 1260 954 1298 nulla
981 1258 1183 1310 cupidine,
1215 1260 1287 1298 sed
1315 1258 1533 1298 maioribus

121 1327 261 1368 vestris
291 1325 584 1374 invocantibus,
620 1337 723 1377 quos
752 1323 980 1364 discordiae
1011 1337 1141 1376 usque
1171 1325 1224 1364 ad
1254 1324 1417 1365 exitium
1451 1326 1535 1364 sati-

120 1394 281 1446 gabant,
317 1399 358 1433 et
390 1391 507 1432 acciti
536 1390 684 1431 auxilio
713 1389 907 1430 Germani
940 1389 1058 1430 sociis
1087 1389 1232 1442 pariter
1264 1398 1386 1442 atque
1415 1390 1536 1430 hosti·
1557 1405 1596 1427 10

121 1459 198 1500 bus
224 1457 454 1499 servitutem
483 1459 767 1509 imposuerant.
827 1463 927 1509 quot
946 1455 1107 1508 proeliis
1126 1457 1316 1497 adversus
1346 1456 1534 1498 Cimbros

121 1526 424 1575 Teutonosque,
455 1523 615 1575 quantis
643 1523 889 1564 exercituum
914 1530 1142 1563 nostrorum
1172 1523 1375 1563 laboribus
1397 1537 1536 1575 vquove

121 1597 269 1632 eventu
289 1588 532 1630 Germanica
550 1589 656 1629 bella
675 1590 986 1638 tractaverimus,
1009 1589 1103 1629 satis
1123 1591 1286 1629 clarum.
1347 1603 1422 1629 nec
1443 1589 1536 1629 ideo

123 1657 315 1697 Rhenum
349 1655 570 1696 insedimus
607 1661 652 1695 ut
691 1654 849 1695 Italiam
876 1661 1089 1703 tueremur,
1122 1656 1194 1694 sed
1232 1668 1284 1695 ne
1315 1654 1405 1706 quis
1435 1654 1535 1694 alius

122 1721 347 1763 Ariovistus
374 1735 499 1774 regno
527 1720 747 1761 Galliarum
777 1719 977 1772 potiretur.
1036 1734 1089 1760 an
1115 1734 1186 1761 vos
1220 1721 1390 1760 cariores
1418 1719 1536 1761 Civili
1558 1735 1596 1768 15

124 1787 366 1840 Batavisque
396 1794 436 1828 et
466 1786 762 1827 transrhenanis
795 1785 982 1838 gentibus
1019 1785 1180 1826 creditis
1220 1799 1342 1837 quam
1381 1785 1536 1825 maiori-

125 1854 200 1894 bus
219 1866 359 1894 eorum
388 1859 520 1906 patres
545 1851 689 1903 avique
709 1851 827 1892 vestri
848 1853 1035 1892 fuerunt?
1065 1853 1207 1892 eadem
1232 1865 1389 1904 semper
1415 1865 1536 1892 causa

124 1921 336 1961 Germanis
370 1917 679 1960 transcendendi
711 1918 752 1957 in
784 1918 947 1967 Gallias,
980 1917 1108 1957 libido
1142 1925 1264 1970 atque
1300 1917 1464 1958 avaritia
1494 1925 1537 1959 et

123 1986 341 2026 mutandae
372 1984 478 2025 sedis
511 1997 634 2033 amor,
667 1990 711 2023 ut
749 1983 894 2024 relictis
929 1984 1143 2035 paludibus
1174 1991 1214 2023 et
1252 1983 1537 2024 solitudinibus

124 2050 207 2091 suis
252 2049 582 2091 fecundissimum
630 2050 708 2089 hoc
747 2051 877 2089 solum
918 2062 1070 2101 vosque
1111 2049 1220 2101 ipsos
1260 2050 1536 2102 possiderent:
1558 2066 1601 2090 20

123 2123 302 2157 ceterum
331 2110 492 2156 libertas
523 2122 563 2155 et
587 2116 768 2166 speciosa
797 2114 962 2155 nomina
991 2121 1297 2166 praetexuntur3
1328 2129 1404 2156 nec
1433 2116 1537 2168 quis-

125 2231 169 2253 22
191 2219 352 2264 salmenti
370 2219 420 2262 M,
440 2230 497 2252 cra
512 2219 592 2252 add.
612 2218 670 2251 Μ2

171 2271 229 2308 73.
257 2275 272 2296 1
298 2264 494 2296 contionum
513 2263 557 2295 M
650 2273 671 2294 2
695 2262 840 2305 populus
858 2263 1037 2295 Romanus
1051 2286 1060 2295 .
1081 2287 1089 2295 .
1108 2287 1117 2296 .
1135 2264 1325 2296 adfirmavit
1341 2263 1535 2306 Nipperdey,

124 2308 236 2341 Halm
391 2317 413 2348 3
436 2307 612 2340 adfirmavi
629 2306 709 2339 M¹:
740 2308 933 2339 adfirmavit
949 2307 992 2338 M
1099 2308 1275 2350 quoniam]
1294 2308 1314 2348 ἴ]
1334 2308 1374 2339 Μ
1387 2320 1395 2339 :
1420 2319 1485 2348 que
1503 2312 1541 2340 ut

125 2352 258 2386 vivetur
268 2357 426 2394 superscr.
445 2351 488 2383 M
491 2350 505 2372 ²
606 2361 642 2382 11
670 2352 761 2392 quod
778 2351 821 2382 M
924 2361 963 2391 13
987 2356 1146 2383 eventum
1164 2351 1213 2394 M,
1232 2362 1311 2385 corr.
1337 2352 1376 2383 Μ
1383 2352 1394 2372 ¹
1500 2361 1538 2391 ¹5

126 2401 306 2439 poteretur
319 2395 456 2437 Bekker‚
478 2394 654 2428 Db‘derleu‘n
744 2395 853 2427 civilis
869 2394 918 2437 M,
936 2405 1016 2428 corr.
1035 2394 1076 2427 M
1082 2394 1094 2415 ¹
