1748 2826
469 124 874 166 HISTORIARVM
908 123 1079 163 LIBER
1110 123 1169 161 IV
1459 122 1518 161 IV
1535 129 1590 168 24

118 252 249 293 eoque
268 238 521 280 inevitabilia.
580 236 749 279 Civilem
771 243 873 276 stare
892 242 1039 283 contra,
1063 242 1211 275 struere
1231 236 1357 274 aciem
1375 248 1383 273 :
1416 235 1518 273 Hor·
1539 248 1579 271 10

118 304 309 346 deonium
329 318 353 345 e
371 304 560 344 cubiculo
578 311 618 344 et
637 303 785 343 lectulo
806 302 942 341 iubere
961 301 1159 353 quidquid
1180 300 1285 341 hosti
1306 301 1518 341 conducat.

118 377 179 411 tot
203 376 375 410 armatas
398 368 701 409 fortissimorum
727 367 901 407 virorum
933 379 1075 406 manus
1095 366 1214 405 unius
1247 365 1352 405 senis
1376 366 1521 405 valetu-

119 435 213 476 dine
245 434 351 487 regi:
398 434 496 486 quin
530 435 663 486 potius
701 432 908 472 interfecto
947 431 1137 472 traditore
1175 432 1374 470 fortunam
1405 429 1521 470 virtu-

119 506 282 552 temque
315 513 430 540 suam
460 500 567 540 malo
597 498 733 539 omine
767 499 1004 538 exolverent.
1063 496 1125 536 his
1156 496 1257 536 inter
1288 509 1330 536 se
1356 496 1522 536 vocibus

119 567 329 606 instinctos
362 567 616 606 flammavere
647 564 809 616 insuper
841 564 997 603 adlatae
1025 576 1050 602 a
1075 562 1325 614 Vespasiano
1359 562 1521 610 litterae,
1546 577 1582 610 15

100 643 219 683 quas
250 632 429 680 Flaccus,
463 632 558 683 quia
583 629 774 670 occultari
803 628 1036 681 nequibant,
1071 641 1143 680 pro
1172 628 1363 668 contione
1389 629 1524 668 recita-

119 695 186 746 vit,
207 698 445 749 vinctosque
463 697 532 748 qui
552 697 764 736 attulerant
783 696 835 735 ad
850 694 1056 735 Vitellium
1078 694 1195 734 misit.

282 753 348 803 Sic
381 761 569 814 mitigatis
605 761 748 801 animis
788 762 986 810 Bonnam,
1022 760 1189 801 hiberna
1226 762 1377 813 primae
1408 760 1525 813 legio·
1543 772 1592 813 25

119 827 194 878 nis,
218 835 396 868 ventum.
453 826 644 868 infensior
671 826 752 866 illic
782 826 896 866 miles
928 828 1087 877 culpam
1122 826 1246 867 cladis
1272 827 1314 866 in
1342 827 1526 867 Hordeo-

119 893 232 933 nium
252 894 455 934 vertebat:
493 893 578 933 eius
605 892 714 933 iussu
741 893 944 932 derectam
969 893 1158 933 adversus
1186 895 1359 933 Batavos
1385 894 1525 941 aciem,

119 966 326 1011 tamquam
352 973 377 998 a
405 957 666 1010 Mogontiaco
700 959 877 1010 legiones
912 966 1198 1009 sequerentur;
1235 958 1415 999 eiusdem
1442 971 1528 1010 pro-

120 1025 274 1066 ditione
306 1038 458 1074 caesos,
489 1021 608 1064 nullis
639 1023 1011 1076 supervenientibus
1042 1024 1219 1064 auxiliis:
1260 1024 1397 1076 ignota
1428 1026 1528 1065 haec
1549 1038 1569 1072 5

120 1090 263 1131 ceteris
295 1089 533 1132 exercitibus
570 1102 703 1141 neque
733 1089 959 1142 imperatori
999 1103 1073 1130 suo
1112 1089 1294 1140 nuntiari,
1330 1104 1423 1130 cum
1462 1092 1529 1131 ad-

120 1169 239 1196 cursu
285 1163 346 1197 tot
392 1156 685 1209 provinciarum
725 1155 900 1208 extingui
947 1170 1089 1208 repens
1135 1157 1301 1208 perfidia
1344 1158 1527 1208 potuerit.

122 1222 385 1263 Hordeonius
418 1221 654 1274 exemplaris
688 1221 869 1261 omnium
902 1223 1131 1271 litterarum,
1164 1222 1312 1274 quibus
1343 1236 1414 1274 per
1440 1223 1531 1262 Gal-

120 1288 193 1328 lias
226 1287 556 1339 Britanniamque
586 1295 626 1327 et
653 1286 872 1338 Hispanias
902 1286 1047 1327 auxilia
1078 1288 1227 1336 orabat,
1256 1287 1444 1328 exercitui
1475 1301 1531 1328 re-

121 1353 256 1394 citavit
284 1352 535 1405 instituitque
569 1353 788 1404 pessimum
821 1351 986 1402 facinus,
1016 1360 1059 1392 ut
1090 1353 1283 1404 epistulae
1314 1352 1530 1404 aquiliferis
1554 1367 1595 1390 10

121 1419 326 1472 legionum
355 1419 613 1467 traderentur,
636 1432 660 1458 a
690 1417 781 1470 quis
811 1425 903 1458 ante
933 1418 1048 1458 militi
1079 1432 1200 1470 quam
1230 1418 1402 1459 ducibus
1431 1420 1532 1470 lege-

122 1486 280 1526 bantur.
336 1491 423 1525 tum
443 1497 467 1525 e
486 1483 686 1524 seditiosis
712 1497 838 1523 unum
858 1483 997 1524 vinciri
1024 1483 1147 1533 iubet,
1169 1484 1293 1536 magis
1313 1483 1532 1535 usurpandi

122 1551 228 1601 iuris,
246 1563 369 1603 quam
384 1551 479 1602 quia
497 1549 616 1589 unius
636 1551 755 1601 culpa
775 1551 887 1589 foret.
944 1557 1158 1601 motusque
1176 1552 1319 1590 Bonna
1338 1551 1532 1589 exercitus

122 1616 164 1657 in
202 1615 403 1657 coloniam
438 1615 785 1668 Agrippinensem,
815 1616 1084 1656 adfluentibus
1123 1616 1277 1656 auxiliis
1311 1617 1529 1665 Gallorum,

123 1683 192 1736 qui
211 1683 342 1736 primo
365 1696 450 1723 rem
476 1684 706 1722 Romanam
734 1681 848 1722 enixe
875 1682 1089 1722 iuvabant:
1124 1696 1217 1722 mox
1241 1683 1532 1723 valescentibus
1556 1697 1593 1729 15

124 1750 336 1791 Germanis
369 1750 583 1800 pleraeque
621 1748 800 1789 civitates
838 1750 1050 1789 adversum
1090 1762 1164 1788 nos
1204 1763 1314 1788 arma
1345 1756 1534 1801 sumpsere

125 1829 196 1868 spe
219 1814 412 1856 libertatis
435 1822 487 1863 et,
515 1814 548 1854 si
572 1814 773 1855 exuissent
803 1814 1238 1866 servitium„cupidine
1266 1814 1532 1866 imperitandi.

123 1881 316 1934 gliscebat
345 1879 553 1920 iracundia
585 1879 802 1932 legionum,
831 1894 907 1920 nec
931 1888 1120 1920 terrorem
1145 1879 1263 1919 unius
1295 1879 1430 1919 militis
1454 1879 1535 1919 vin-

124 1948 215 1987 cula
246 1945 499 1986 indiderant:
533 1947 632 1997 quin
663 1946 772 1986 idem
801 1946 867 1986 ille
899 1947 1090 1998 arguebat
1116 1947 1221 1986 ultro
1248 1946 1535 1986 conscientiam

127 2011 256 2062 ducis,
287 2019 493 2064 tamquam
524 2012 689 2052 nuntius
717 2012 818 2052 inter
842 2012 1013 2053 Civilem
1042 2014 1311 2064 Flaccumque
1338 2013 1438 2052 falso
1467 2011 1535 2052 cri·
1558 2027 1600 2048 20

127 2078 236 2118 mine
265 2076 376 2117 testis
410 2077 491 2118 veri
530 2077 831 2130 opprimeretur.
892 2078 1129 2118 conscendit
1168 2078 1341 2118 tribunal
1381 2079 1536 2117 Vocula

127 2143 227 2184 mira
259 2143 494 2192 constantia,
529 2156 799 2196 prensumque
839 2144 1006 2184 militem
1040 2158 1087 2184 ac
1119 2144 1404 2184 vociferantem
1443 2143 1536 2183 duci

126 2211 180 2250 ad
210 2208 450 2261 supplicium
477 2209 613 2250 iussit:
653 2217 693 2250 et
725 2211 823 2250 dum
854 2212 946 2249 mali
978 2217 1135 2262 pavent,
1164 2210 1340 2262 optimus
1367 2208 1537 2261 quisque

130 2325 171 2356 13
194 2314 369 2356 proditore
383 2314 548 2354 Ferrelus,
565 2315 666 2357 vulgo
802 2326 840 2356 14
865 2317 1000 2348 homine
1017 2317 1060 2348 M

172 2365 232 2400 25.
262 2368 276 2390 1
301 2357 426 2390 bonam
443 2359 486 2391 M
547 2370 568 2400 3
591 2361 728 2392 derecta
746 2360 788 2391 M
852 2371 871 2399 4
894 2361 1111 2401 amagontiae
1127 2361 1186 2393 M:
1212 2360 1450 2402 arnagontiaco
1467 2358 1536 2398 M¹‚

129 2403 206 2435 item
222 2403 438 2443 magontiaco
455 2413 482 2436 c.
502 2414 546 2444 33
656 2413 677 2444 5
700 2413 737 2435 se
754 2414 876 2435 caesos
891 2404 999 2436 Rum-
1111 2406 1132 2436 8
1156 2406 1367 2445 exemplaria
1383 2403 1428 2435 al.
1445 2415 1452 2435 ι
1479 2413 1536 2433 ex-

130 2446 243 2488 empla
258 2446 402 2479 malebat
415 2447 526 2479 Ritter
632 2458 654 2487 9
678 2447 727 2490 et]
752 2458 795 2478 ex
813 2447 854 2478 M
966 2458 1005 2479 12
1028 2449 1199 2481 siditionis
1216 2449 1276 2481 M:
1300 2447 1465 2480 siditiosis
1482 2446 1537 2477 M¹

133 2493 173 2522 16
195 2501 374 2532 sumpsere
389 2490 466 2524 add.
487 2491 646 2533 Agricola
810 2503 849 2532 19
874 2492 1069 2524 indiderant
1085 2494 1135 2524 12²:
1163 2494 1332 2524 indiderat
1351 2493 1390 2523 M
