1748 2826
184 165 204 204 1
223 173 266 213 15
666 165 942 206 CORNELII
972 165 1167 207 TACITI

221 274 498 327 principatum,
536 276 587 315 de
625 288 706 326 quo
744 275 909 315 maiores
942 275 1065 316 nostri
1101 275 1219 315 armis
1257 275 1469 323 certabant,
1505 274 1612 314 bello

221 341 389 391 adeptus
421 340 640 392 quiescenti
670 343 846 391 offeram,
878 343 1059 394 exemplo
1090 342 1170 382 divi
1199 341 1368 393 Augusti
1402 340 1471 392 qui
1507 353 1611 381 soro-

164 423 205 447 10
222 405 272 445 ris
301 406 426 445 filium
456 406 700 455 Marcellum,
731 407 824 447 dein
852 421 1040 458 generum
1068 407 1294 458 Agrippam,
1326 419 1419 446 mox
1446 411 1612 456 nepotes

222 483 324 518 suos,
365 477 566 522 postremo
603 471 807 511 Tiberium
846 473 1048 512 Neronem
1089 471 1306 524 privignum
1346 471 1387 511 in
1431 469 1612 523 proximo

221 534 296 574 sibi
323 535 478 586 fastigio
506 536 736 576 conlocavit.
795 538 867 576 sed
895 539 1096 592 Augustus
1124 536 1164 575 in
1193 537 1316 576 domo
1344 548 1611 576 successorem

221 599 424 651 quaesivit,
453 614 527 652 ego
550 601 590 640 in
619 615 660 641 re
687 600 856 652 publica,
883 614 965 640 non
993 601 1086 651 quia
1114 600 1357 651 propinquos
1385 607 1454 640 aut
1482 599 1611 654 socios

221 667 315 707 belli
335 680 417 707 non
436 668 617 716 habeam,
639 668 710 707 sed
739 681 869 718 neque
892 667 976 719 ipse
999 667 1208 719 imperium
1227 667 1445 708 ambitione
1461 666 1612 718 accepi,

164 747 202 780 15
222 739 262 772 et
283 732 418 772 iudicii
444 732 522 772 mei
548 733 835 772 documentum
862 732 910 772 sit
939 745 1020 771 non
1047 745 1158 771 meae
1184 738 1339 770 tantum
1358 730 1612 770 necessitudi-

221 811 303 846 nes,
332 810 430 848 quas
460 796 532 836 tibi
555 796 772 848 postposui,
803 798 874 836 sed
899 803 938 836 et
966 804 1067 836 tuae.
1125 803 1184 835 est
1213 795 1285 835 tibi
1311 797 1428 835 frater
1446 795 1529 847 pari
1544 809 1613 835 no-

221 862 386 913 bilitate,
414 871 509 904 natu
538 863 672 912 maior,
704 864 846 915 dignus
874 865 949 903 hac
977 865 1134 902 fortuna
1161 862 1236 902 nisi
1264 870 1307 902 tu
1335 862 1465 914 potior
1492 876 1608 902 esses.

200 939 269 967 vea
293 935 399 967 aetas
428 936 496 968 tua
524 941 627 979 quae
654 927 890 979 cupiditates
918 927 1210 967 adulescentiae
1238 926 1318 966 iam
1347 927 1535 979 effugerit,
1565 941 1612 967 ea

221 993 301 1032 vita
328 993 370 1032 in
397 1006 477 1044 qua
499 993 597 1032 nihil
626 992 878 1044 praeteritum
903 992 1172 1031 excusandum
1198 991 1356 1031 habeas.
1414 993 1611 1031 fortunam

162 1073 204 1097 20
221 1059 353 1098 adhuc
381 1065 536 1098 tantum
568 1059 772 1098 adversam
803 1056 947 1096 tulisti:
990 1057 1188 1095 secundae
1215 1069 1277 1095 res
1306 1054 1522 1095 acrioribus
1548 1054 1612 1095 sti-

222 1123 339 1163 mulis
375 1124 529 1164 animos
568 1125 781 1175 explorant,
822 1122 915 1174 quia
952 1121 1131 1161 miseriae
1168 1122 1393 1168 tolerantur,
1428 1118 1612 1159 felicitate

220 1187 517 1239 corrumpimur.
564 1189 695 1236 fidem,
719 1187 950 1235 libertatem,
972 1186 1196 1234 amicitiam,
1219 1185 1430 1237 praecipua
1448 1183 1612 1224 humani

220 1251 341 1291 animi
375 1253 491 1301 bona,
524 1259 567 1292 tu
596 1251 758 1303 quidem
790 1253 930 1291 eadem
963 1250 1184 1291 constantia
1216 1249 1414 1297 retinebis,
1445 1249 1516 1288 sed
1546 1247 1613 1287 alii

222 1330 292 1367 per
319 1316 555 1367 obsequium
584 1316 844 1356 imminuent:
884 1316 1082 1366 inrumpet
1109 1314 1296 1362 adulatio,
1331 1312 1547 1353 blanditiae
1578 1318 1616 1352 et

163 1397 203 1430 25
222 1381 438 1432 pessimum
468 1380 547 1420 veri
576 1382 754 1420 adfectus
782 1393 991 1428 venenum,
1015 1393 1085 1419 sua
1110 1378 1254 1430 cuique
1277 1377 1434 1418 utilitas.
1492 1376 1611 1417 etiam

220 1447 259 1484 si
286 1458 360 1496 ego
389 1458 436 1485 ac
469 1452 511 1484 tu
545 1445 832 1496 simplicissime
862 1445 963 1484 inter
996 1458 1068 1484 nos
1101 1443 1222 1484 hodie
1254 1442 1464 1494 loquimur,
1493 1441 1612 1482 ceteri

220 1510 406 1551 libentius
435 1523 526 1549 cum
555 1511 712 1550 fortuna
739 1517 874 1549 nostra
901 1522 1021 1560 quam
1050 1508 1287 1556 nobiscum3
1325 1519 1419 1546 nam
1447 1506 1612 1546 suadere

219 1575 387 1626 principi
420 1576 529 1626 quod
561 1582 740 1626 oporteat
774 1574 887 1613 multi
920 1573 1075 1621 laboris,
1111 1571 1332 1613 adsentatio
1360 1584 1452 1622 erga
1477 1583 1613 1622 quem-

219 1653 391 1692 cumque
410 1640 630 1691 principem
650 1638 736 1679 sine
755 1640 914 1678 adfectu
934 1637 1151 1690 peragitur.'

155 1706 200 1744 16
380 1705 449 1745 ‘Si
477 1705 717 1744 immensum
745 1703 898 1755 imperii
921 1716 1064 1754 corpus
1090 1709 1191 1741 stare
1216 1714 1264 1740 ac
1291 1700 1421 1740 librari
1450 1698 1534 1738 sine
1557 1711 1612 1738 re-

219 1778 326 1811 ctore
355 1777 498 1822 posset,
521 1769 664 1821 dignus
691 1781 798 1808 eram
821 1781 846 1807 a
871 1781 952 1819 quo
980 1780 1040 1807 res
1068 1765 1229 1818 publica
1257 1764 1470 1815 inciperet:
1504 1776 1611 1802 nunc

219 1849 268 1875 eo
296 1834 539 1875 necessitatis
568 1834 647 1873 iam
676 1833 830 1885 pridem
858 1839 1020 1872 ventum
1049 1838 1108 1870 est
1138 1837 1181 1869 ut
1208 1843 1283 1869 nee
1312 1842 1400 1868 mea
1428 1834 1611 1868 senectus

218 1902 396 1940 conferre
421 1902 509 1951 plus
535 1900 686 1950 populo
713 1900 899 1937 Romano
927 1896 1051 1948 possit
1079 1909 1199 1946 quam
1228 1895 1379 1934 bonum
1408 1905 1608 1932 successo-

181 1981 199 2013 5
217 1979 311 2014 rem,
340 1979 415 2005 nec
438 1972 506 2004 tua
531 1965 619 2015 plus
646 1963 805 2002 iuventa
830 1975 951 2013 quam
976 1961 1128 2000 bonum
1157 1958 1387 2010 principem.
1444 1956 1520 1996 sub
1547 1955 1612 1995 Ti-

217 2030 327 2071 berio
356 2037 395 2070 et
429 2029 531 2069 Gaio
561 2036 600 2068 et
633 2027 805 2069 Claudio
833 2026 950 2066 unius
978 2024 1148 2064 familiae
1176 2022 1288 2075 quasi
1316 2020 1513 2062 hereditas
1541 2019 1612 2060 fui-

220 2144 259 2175 15
286 2133 428 2166 ‘malim
441 2132 527 2164 sint’
543 2132 732 2163 Rhenanus
881 2130 922 2160 16
944 2128 1014 2169 est]
1032 2132 1066 2159 et
1082 2125 1125 2157 M
1268 2134 1309 2155 22
1332 2122 1514 2165 praecipua
1529 2120 1573 2152 M
1578 2120 1611 2154 ¹:

219 2176 455 2219 praecipuaM
595 2185 636 2213 24
659 2173 842 2206 blanditiae
870 2177 905 2204 et
927 2170 1171 2211 Freudenhurg,
1199 2168 1236 2208 cf.
1259 2168 1346 2199 Plin.
1364 2166 1527 2207 Panegyr.
1543 2165 1610 2215 95:

217 2221 398 2253 blanditiae
426 2219 476 2259 M,
498 2218 658 2260 probante
682 2216 824 2248 Muller:
846 2214 1007 2246 blanditia
1026 2218 1060 2245 et
1081 2212 1131 2244 W.
1153 2211 1304 2244 Heraeus
1444 2217 1486 2248 25
1510 2213 1610 2240 enam

219 2266 248 2297 si
271 2265 405 2296 Halm:
435 2263 537 2294 etiam
565 2261 614 2300 M,
637 2261 794 2302 probante
819 2258 941 2290 Miiller
965 2257 1024 2289 sed
1048 2257 1084 2298 cf.
1113 2256 1145 2288 ii.
1175 2266 1228 2297 32.
1261 2265 1324 2295 19:
1356 2252 1482 2285 etenim
1505 2250 1610 2292 Agri-

219 2309 286 2341 cola
301 2319 308 2339 :
338 2308 440 2339 etiam
457 2306 582 2338 utilitas
600 2304 716 2336 Meiser

263 2350 319 2384 16.
345 2361 365 2390 4
389 2349 499 2390 possit
514 2348 723 2380 Rhenanus:
747 2351 865 2387 posset
880 2344 928 2386 M,
947 2343 1066 2376 Meiser
1181 2343 1202 2372 6
1226 2340 1366 2380 claudio}
1386 2336 1446 2370 M:
1469 2337 1610 2370 Claudio

219 2406 258 2428 ac
277 2395 415 2426 Nerone
432 2393 545 2432 Ritter,
566 2391 603 2430 cf.
624 2391 659 2422 ii.
676 2391 718 2430 76
