1748 2826
484 142 892 184 HISTORIARVM
923 143 1096 182 LIBER
1127 143 1169 181 11
1488 140 1604 181 1126

67 253 73 259 ⁴
122 255 230 297 boris
274 262 396 308 atque
433 254 594 304 itineris,
634 269 687 295 ne
724 254 961 295 Vitellianus
1000 255 1114 295 miles
1152 268 1290 295 recens
1328 269 1350 294 e
1396 254 1532 294 castris

120 323 246 363 fessos
277 321 557 373 adgrederetur
589 327 630 361 et
662 320 853 372 perculsis
888 322 1044 360 nullum
1079 327 1183 360 retro
1216 320 1440 360 subsidium
1478 321 1533 359 fo·
1556 330 1594 362 15

119 393 190 428 ret.
245 387 355 438 apud
382 399 533 439 paucos
562 399 610 426 ea
637 385 752 426 ducis
786 385 886 426 ratio
914 386 1092 438 probata,
1123 385 1165 425 in
1193 387 1333 437 vulgus
1364 386 1533 425 adverso

118 463 277 493 rumore
303 451 388 492 fuit.

280 517 406 558 Haud
431 516 601 571 proinde
626 517 669 557 id
692 518 887 558 damnum
914 516 1149 558 Vitellianos
1176 517 1218 556 in
1245 524 1397 557 metum
1425 531 1531 558 com·
1551 529 1602 569 27

117 582 219 636 pulit
246 596 368 636 quam
396 585 449 624 ad
479 582 719 623 modestiam
748 582 999 635 composuit:
1033 596 1108 622 nec
1138 584 1267 622 solum
1296 584 1405 634 apud
1435 585 1534 624 Cae-

114 649 262 698 cinam,
302 648 371 701 qui
409 649 569 701 culpam
608 648 649 688 in
687 648 855 688 militem
896 648 1128 688 conferebat
1174 647 1362 688 seditioni
1408 646 1532 698 magis

113 727 238 767 quam
270 713 423 767 proelio
453 721 659 767 paratum:
703 713 817 754 Fabii
855 727 1018 766 quoque
1047 713 1228 753 Valentis
1262 713 1402 765 copiae
1435 712 1532 765 (iam

115 779 224 820 enim
254 779 444 820 Ticinum
477 779 655 833 venerat)
684 779 816 832 posito
850 779 1026 820 hostium
1056 786 1291 831 contemptu
1319 786 1359 819 et
1387 779 1534 831 recipe·
1554 793 1572 825 5

115 845 231 886 randi
267 845 424 887 decoris
464 846 653 898 cupidine
691 846 933 887 reverentius
971 853 1011 886 et
1048 846 1253 898 aequalius
1292 844 1394 887 duci>
1425 859 1535 898 pare-

116 910 224 951 bant.
295 911 422 964 gravis
452 911 632 964 alioquin
666 912 810 952 seditio
841 918 1046 959 exarserat,
1082 925 1204 963 quam
1241 911 1380 952 altiore
1418 910 1534 951 initio

115 975 266 1029 (neque
296 977 404 1018 enim
435 990 566 1018 rerum
594 991 619 1018 a
647 977 823 1019 Caecina
852 985 1051 1029 gestarum
1081 976 1264 1017 ordinem
1298 977 1533 1029 interrumpi

115 1043 361 1096 oportuerat)
396 1050 584 1096 repetam.
659 1044 843 1083 cohortes
879 1045 1131 1091 Batavorum,
1168 1056 1267 1094 quas
1306 1043 1413 1083 bello
1452 1044 1530 1082 Ne-

115 1108 223 1149 ronis
260 1122 285 1149 a
322 1116 463 1161 quarta
499 1109 674 1150 decima,
695 1109 853 1161 legione
890 1109 1097 1161 digressas,
1138 1122 1231 1148 cum
1281 1108 1528 1148 Britanniam
1555 1119 1594 1143 10

115 1181 306 1226 peterent,
328 1174 468 1215 audito
487 1174 638 1215 Vitellii
662 1181 775 1215 motu
802 1174 844 1214 in
869 1174 1029 1214 civitate
1049 1174 1278 1226 Lingonum
1306 1173 1432 1214 Fabio
1453 1175 1529 1213 Va-

114 1239 212 1280 lenti
240 1240 451 1281 adiunctas
481 1240 716 1289 rettulimus,
749 1240 920 1293 superbe
952 1241 1136 1292 agebant,
1169 1247 1213 1279 ut
1246 1239 1440 1292 cuiusque
1478 1241 1529 1280 lev

112 1304 242 1356 gionis
273 1306 444 1346 tentoria
476 1305 748 1354 accessissent,
780 1305 974 1346 coercitos
1007 1319 1031 1345 a
1064 1319 1107 1346 se
1140 1306 1525 1357 quartadecimanos,

110 1371 286 1411 ablatam
316 1370 471 1412 Neroni
500 1371 658 1412 Italiam
683 1379 804 1424 atque
830 1385 993 1412 omnem
1020 1371 1116 1412 belli
1136 1372 1335 1412 fortunam
1356 1371 1396 1412 in
1427 1372 1529 1424 ipso-

112 1450 200 1476 rum
221 1450 344 1478 manu
363 1436 481 1478 sitam
500 1436 704 1478 iactantes.
765 1437 1102 1477 contumeliosum
1128 1436 1170 1477 id
1197 1437 1400 1493 militibus,
1423 1452 1528 1478 acer·
1549 1451 1587 1484 15

113 1501 211 1542 bum
230 1502 324 1543 duci
339 1517 350 1552 3
377 1510 564 1556 corrupta
583 1502 715 1555 iurgiis
736 1510 804 1542 aut
830 1502 920 1542 rixis
940 1501 1152 1554 disciplina
1168 1517 1179 1551 3
1207 1504 1259 1543 ad
1279 1510 1525 1555 postremum

111 1569 262 1609 Valens
281 1582 304 1609 e
322 1568 543 1621 petulantia
561 1568 681 1609 etiam
703 1568 911 1620 perfidiam
932 1568 1197 1619 suspectabat.

275 1634 402 1687 Igitur
438 1634 582 1675 nuntio
618 1636 755 1674 adlato
788 1636 945 1685 pulsam
984 1633 1237 1674 Trevirorum
1276 1636 1379 1674 alam
1419 1637 1527 1674 Tun·
1545 1633 1596 1672 28

111 1713 283 1753 grosque
319 1714 344 1740 a
380 1701 507 1740 classe
540 1700 715 1741 Othonis
744 1707 785 1740 et
813 1700 1123 1740 Narbonensem
1159 1700 1331 1740 Galliam
1362 1700 1526 1740 circum-

111 1766 168 1815 iri,
200 1766 319 1806 simul
347 1779 442 1806 cura
484 1765 615 1806 socios
653 1765 794 1806 tuendi
832 1772 872 1806 et
911 1764 1069 1804 militari
1106 1772 1195 1805 astu
1236 1767 1410 1806 cohortis
1450 1774 1526 1806 tur-

110 1831 227 1872 bidas
259 1845 319 1881 ac,
349 1831 380 1872 si
412 1846 493 1872 una
526 1833 665 1880 forent,
695 1831 940 1884 praevalidas
969 1831 1236 1884 dispergendi,
1265 1839 1417 1884 partem
1452 1835 1525 1872 Ba-

110 1905 292 1938 tavorum
312 1897 368 1938 ire
388 1897 430 1938 in
450 1897 676 1939 subsidium
696 1898 819 1938 iubet.
877 1898 988 1949 quod
1015 1897 1084 1937 ubi
1104 1897 1286 1937 auditum
1306 1899 1524 1950 vulgatum·
1544 1910 1562 1944 5

111 1977 201 2017 que,
236 1977 412 2004 maerere
449 1963 558 2012 socii,
592 1965 759 2004 fremere
796 1962 983 2015 legiones.
1043 1963 1173 2003 orbari
1212 1977 1254 2003 se
1292 1963 1524 2003 fortissimo-

111 2042 200 2068 rum
229 2029 403 2069 virorum
434 2028 605 2078 auxilio3
647 2036 799 2068 veteres
830 2029 918 2068 illos
949 2036 989 2068 et
1020 2035 1079 2068 tot
1112 2028 1308 2069 bellorum
1342 2030 1522 2078 victores,

111 2101 325 2146 postquam
355 2093 397 2133 in
429 2101 648 2146 conspectu
682 2093 732 2133 sit
763 2092 899 2142 hostis,
930 2095 1038 2134 velut
1071 2107 1119 2134 ex
1150 2094 1236 2134 acie
1273 2094 1433 2135 abduci.
1492 2094 1523 2134 si

115 2208 155 2240 15
178 2198 389 2240 periculolsis
405 2197 449 2230 M

155 2249 214 2285 27.
242 2253 258 2275 1
284 2242 427 2284 perinde
445 2241 517 2275 dett.
653 2243 675 2274 6
698 2243 875 2283 aequalius
891 2240 967 2276 M¹:
992 2242 1146 2283 aequalis
1166 2241 1209 2274 M
1353 2254 1371 2283 7
1395 2243 1523 2284 alioqui

110 2285 222 2319 Ritter
353 2296 393 2319 12
418 2287 514 2318 cuius
531 2285 574 2317 M
706 2297 743 2327 13
768 2287 925 2329 tentorial
943 2287 1094 2318 tentoria
1110 2286 1151 2317 M
1300 2296 1339 2327 15
1362 2288 1522 2319 acerbum

110 2331 370 2418 &agry-{apta
385 2331 516 2362 omissa
534 2331 792 2373 interpunctione
807 2330 855 2364 ed.
873 2330 1053 2373 Spirensis,
1072 2330 1196 2363 Meiser
1327 2332 1366 2363 16
1389 2331 1465 2375 aut]
1482 2342 1523 2364 ac

156 2415 215 2452 28.
245 2429 259 2450 1
284 2418 339 2463 ire
352 2419 500 2451 virorum
517 2418 557 2450 M
