<?xml version="1.0" encoding="UTF-8"?>
<!DOCTYPE html PUBLIC "-//W3C//DTD XHTML 1.0 Transitional//EN"
    "http://www.w3.org/TR/xhtml1/DTD/xhtml1-transitional.dtd">
<html xmlns="http://www.w3.org/1999/xhtml" xml:lang="en" lang="en">
 <head>
  <title>
</title>
<meta http-equiv="Content-Type" content="text/html;charset=utf-8" />
  <meta name='ocr-system' content='tesseract 3.04.00' />
  <meta name='ocr-capabilities' content='ocr_page ocr_carea ocr_par ocr_line ocrx_word'/>
</head>
<body>
  <div class='ocr_page' id='page_1' title='image "./historiarumlibri00taciuoft_0179.png"; bbox 0 0 1748 2826; ppageno 0'>
   <div class='ocr_carea' id='block_1_1' title="bbox 459 118 1593 170">
    <p class='ocr_par' dir='ltr' id='par_1_1' title="bbox 459 118 1593 170">
     <span class='ocr_line' id='line_1_1' title="bbox 459 118 1593 170; baseline 0.002 -11"><span class='ocrx_word' id='word_1_1' title='bbox 459 118 870 159; x_wconf 89' lang='lat' dir='ltr'><strong>HISTORIARVM</strong></span> <span class='ocrx_word' id='word_1_2' title='bbox 901 121 1077 160; x_wconf 91' lang='lat' dir='ltr'>LIBER</span> <span class='ocrx_word' id='word_1_3' title='bbox 1108 122 1174 160; x_wconf 94' lang='lat' dir='ltr'><strong>III</strong></span> <span class='ocrx_word' id='word_1_4' title='bbox 1452 122 1519 161; x_wconf 96' lang='lat' dir='ltr'><strong>III</strong></span> <span class='ocrx_word' id='word_1_5' title='bbox 1541 120 1593 170; x_wconf 84' lang='lat'><strong>83</strong></span> 
     </span>
    </p>
   </div>
   <div class='ocr_carea' id='block_1_2' title="bbox 103 231 1592 2128">
    <p class='ocr_par' dir='ltr' id='par_1_2' title="bbox 104 231 1585 1196">
     <span class='ocr_line' id='line_1_2' title="bbox 109 231 1518 285; baseline -0.003 -10"><span class='ocrx_word' id='word_1_6' title='bbox 109 232 296 285; x_wconf 85' lang='lat' dir='ltr'><strong>quotiens</strong></span> <span class='ocrx_word' id='word_1_7' title='bbox 334 245 424 285; x_wconf 84' lang='lat' dir='ltr'><strong>pars</strong></span> <span class='ocrx_word' id='word_1_8' title='bbox 461 234 583 273; x_wconf 85' lang='lat' dir='ltr'><strong>altera</strong></span> <span class='ocrx_word' id='word_1_9' title='bbox 621 231 860 280; x_wconf 87' lang='lat' dir='ltr'><strong>inclinasset,</strong></span> <span class='ocrx_word' id='word_1_10' title='bbox 896 231 1056 272; x_wconf 89' lang='lat' dir='ltr'><strong>abditos</strong></span> <span class='ocrx_word' id='word_1_11' title='bbox 1096 232 1137 271; x_wconf 90' lang='lat' dir='ltr'><strong>in</strong></span> <span class='ocrx_word' id='word_1_12' title='bbox 1176 232 1350 273; x_wconf 85' lang='lat' dir='ltr'><strong>tabernis</strong></span> <span class='ocrx_word' id='word_1_13' title='bbox 1382 239 1452 272; x_wconf 91' lang='lat' dir='ltr'><strong>aut</strong></span> <span class='ocrx_word' id='word_1_14' title='bbox 1485 231 1518 271; x_wconf 88' lang='lat' dir='ltr'><strong>si</strong></span> 
     </span>
     <span class='ocr_line' id='line_1_3' title="bbox 108 297 1520 350; baseline -0.002 -9"><span class='ocrx_word' id='word_1_15' title='bbox 108 311 230 350; x_wconf 86' lang='lat' dir='ltr'><strong>quam</strong></span> <span class='ocrx_word' id='word_1_16' title='bbox 259 297 303 340; x_wconf 86' lang='lat' dir='ltr'><strong>in</strong></span> <span class='ocrx_word' id='word_1_17' title='bbox 335 299 503 340; x_wconf 88' lang='lat' dir='ltr'><strong>domum</strong></span> <span class='ocrx_word' id='word_1_18' title='bbox 538 299 802 350; x_wconf 84' lang='lat' dir='ltr'>perfugerant,</span> <span class='ocrx_word' id='word_1_19' title='bbox 830 297 914 337; x_wconf 91' lang='lat' dir='ltr'><strong>erui</strong></span> <span class='ocrx_word' id='word_1_20' title='bbox 948 297 1194 350; x_wconf 83' lang='lat' dir='ltr'><strong>iugularique</strong></span> <span class='ocrx_word' id='word_1_21' title='bbox 1223 299 1520 350; x_wconf 83' lang='lat' dir='ltr'><strong>expostulantes</strong></span> 
     </span>
     <span class='ocr_line' id='line_1_4' title="bbox 107 362 1560 417; baseline -0.002 -11"><span class='ocrx_word' id='word_1_22' title='bbox 107 372 220 417; x_wconf 82' lang='lat' dir='ltr'><strong>parte</strong></span> <span class='ocrx_word' id='word_1_23' title='bbox 246 363 397 405; x_wconf 86' lang='lat' dir='ltr'><strong>maiore</strong></span> <span class='ocrx_word' id='word_1_24' title='bbox 425 365 596 416; x_wconf 85' lang='lat' dir='ltr'><strong>praedae</strong></span> <span class='ocrx_word' id='word_1_25' title='bbox 624 362 902 415; x_wconf 89' lang='lat' dir='ltr'><strong>potiebantur:</strong></span> <span class='ocrx_word' id='word_1_26' title='bbox 937 377 1031 403; x_wconf 90' lang='lat' dir='ltr'><strong>nam</strong></span> <span class='ocrx_word' id='word_1_27' title='bbox 1062 363 1185 404; x_wconf 89' lang='lat' dir='ltr'><strong>milite</strong></span> <span class='ocrx_word' id='word_1_28' title='bbox 1208 365 1261 405; x_wconf 93' lang='lat' dir='ltr'><strong>ad</strong></span> <span class='ocrx_word' id='word_1_29' title='bbox 1285 363 1520 415; x_wconf 87' lang='lat' dir='ltr'><strong>sanguinem</strong></span> <span class='ocrx_word' id='word_1_30' title='bbox 1540 382 1560 415; x_wconf 84' lang='lat'><strong>5</strong></span> 
     </span>
     <span class='ocr_line' id='line_1_5' title="bbox 107 428 1520 481; baseline -0.001 -10"><span class='ocrx_word' id='word_1_31' title='bbox 107 437 148 471; x_wconf 88' lang='lat' dir='ltr'><strong>et</strong></span> <span class='ocrx_word' id='word_1_32' title='bbox 180 429 316 471; x_wconf 83' lang='lat' dir='ltr'><strong>caedis</strong></span> <span class='ocrx_word' id='word_1_33' title='bbox 348 429 520 471; x_wconf 88' lang='lat' dir='ltr'><strong>obverso</strong></span> <span class='ocrx_word' id='word_1_34' title='bbox 552 429 680 481; x_wconf 89' lang='lat' dir='ltr'><strong>spolia</strong></span> <span class='ocrx_word' id='word_1_35' title='bbox 712 428 754 469; x_wconf 89' lang='lat' dir='ltr'><strong>in</strong></span> <span class='ocrx_word' id='word_1_36' title='bbox 788 430 927 480; x_wconf 86' lang='lat' dir='ltr'><strong>vulgus</strong></span> <span class='ocrx_word' id='word_1_37' title='bbox 958 430 1169 470; x_wconf 86' lang='lat' dir='ltr'><strong>cedebant.</strong></span> <span class='ocrx_word' id='word_1_38' title='bbox 1228 443 1345 470; x_wconf 89' lang='lat' dir='ltr'><strong>saeva</strong></span> <span class='ocrx_word' id='word_1_39' title='bbox 1374 444 1423 470; x_wconf 91' lang='lat' dir='ltr'><strong>ac</strong></span> <span class='ocrx_word' id='word_1_40' title='bbox 1454 431 1520 471; x_wconf 88' lang='lat' dir='ltr'><strong>de-</strong></span> 
     </span>
     <span class='ocr_line' id='line_1_6' title="bbox 107 493 1521 546; baseline -0.001 -10"><span class='ocrx_word' id='word_1_41' title='bbox 107 494 244 536; x_wconf 84' lang='lat' dir='ltr'><strong>formis</strong></span> <span class='ocrx_word' id='word_1_42' title='bbox 276 495 376 536; x_wconf 90' lang='lat' dir='ltr'><strong>urbe</strong></span> <span class='ocrx_word' id='word_1_43' title='bbox 409 502 493 536; x_wconf 88' lang='lat' dir='ltr'><strong>tota</strong></span> <span class='ocrx_word' id='word_1_44' title='bbox 525 494 667 535; x_wconf 88' lang='lat' dir='ltr'><strong>facies:</strong></span> <span class='ocrx_word' id='word_1_45' title='bbox 706 494 802 534; x_wconf 92' lang='lat' dir='ltr'><strong>alibi</strong></span> <span class='ocrx_word' id='word_1_46' title='bbox 835 494 986 546; x_wconf 89' lang='lat' dir='ltr'><strong>proelia</strong></span> <span class='ocrx_word' id='word_1_47' title='bbox 1019 502 1058 535; x_wconf 93' lang='lat' dir='ltr'><strong>et</strong></span> <span class='ocrx_word' id='word_1_48' title='bbox 1090 496 1263 543; x_wconf 88' lang='lat' dir='ltr'><strong>vulnera,</strong></span> <span class='ocrx_word' id='word_1_49' title='bbox 1296 495 1392 535; x_wconf 88' lang='lat' dir='ltr'><strong>alibi</strong></span> <span class='ocrx_word' id='word_1_50' title='bbox 1427 493 1521 535; x_wconf 88' lang='lat' dir='ltr'><strong>bali-</strong></span> 
     </span>
     <span class='ocr_line' id='line_1_7' title="bbox 106 559 1523 614; baseline -0.001 -12"><span class='ocrx_word' id='word_1_51' title='bbox 106 574 208 603; x_wconf 85' lang='lat' dir='ltr'><strong>neae</strong></span> <span class='ocrx_word' id='word_1_52' title='bbox 244 559 498 614; x_wconf 85' lang='lat' dir='ltr'><strong>popinaeque</strong></span> <span class='ocrx_word' id='word_1_53' title='bbox 512 572 524 611; x_wconf 73' lang='grc' dir='ltr'><em>ς</em></span> <span class='ocrx_word' id='word_1_54' title='bbox 570 560 688 600; x_wconf 91' lang='lat' dir='ltr'><strong>simul</strong></span> <span class='ocrx_word' id='word_1_55' title='bbox 737 573 852 600; x_wconf 91' lang='lat' dir='ltr'><strong>cruor</strong></span> <span class='ocrx_word' id='word_1_56' title='bbox 898 568 938 601; x_wconf 90' lang='lat' dir='ltr'><strong>et</strong></span> <span class='ocrx_word' id='word_1_57' title='bbox 981 568 1107 601; x_wconf 89' lang='lat' dir='ltr'><strong>strues</strong></span> <span class='ocrx_word' id='word_1_58' title='bbox 1145 574 1370 612; x_wconf 90' lang='lat' dir='ltr'><strong>corporum,</strong></span> <span class='ocrx_word' id='word_1_59' title='bbox 1412 561 1523 602; x_wconf 86' lang='lat' dir='ltr'><strong>iuxta</strong></span> 
     </span>
     <span class='ocr_line' id='line_1_8' title="bbox 105 625 1521 678; baseline -0.001 -10"><span class='ocrx_word' id='word_1_60' title='bbox 105 634 237 668; x_wconf 88' lang='lat' dir='ltr'><strong>scorta</strong></span> <span class='ocrx_word' id='word_1_61' title='bbox 266 634 307 668; x_wconf 89' lang='lat' dir='ltr'><strong>et</strong></span> <span class='ocrx_word' id='word_1_62' title='bbox 337 626 477 668; x_wconf 89' lang='lat' dir='ltr'><strong>scortis</strong></span> <span class='ocrx_word' id='word_1_63' title='bbox 509 625 657 666; x_wconf 89' lang='lat' dir='ltr'><strong>similes</strong></span> <span class='ocrx_word' id='word_1_64' title='bbox 672 641 683 676; x_wconf 92' lang='lat'>;</span> <span class='ocrx_word' id='word_1_65' title='bbox 723 633 920 678; x_wconf 89' lang='lat' dir='ltr'><strong>quantum</strong></span> <span class='ocrx_word' id='word_1_66' title='bbox 959 626 1000 666; x_wconf 92' lang='lat' dir='ltr'><strong>in</strong></span> <span class='ocrx_word' id='word_1_67' title='bbox 1035 626 1238 667; x_wconf 87' lang='lat' dir='ltr'><strong>luxurioso</strong></span> <span class='ocrx_word' id='word_1_68' title='bbox 1273 626 1357 667; x_wconf 87' lang='lat' dir='ltr'><strong>otio</strong></span> <span class='ocrx_word' id='word_1_69' title='bbox 1391 625 1521 667; x_wconf 93' lang='lat' dir='ltr'><strong>libidi-</strong></span> 
     </span>
     <span class='ocr_line' id='line_1_9' title="bbox 105 692 1585 746; baseline 0.001 -12"><span class='ocrx_word' id='word_1_70' title='bbox 105 706 217 743; x_wconf 87' lang='lat' dir='ltr'><strong>num,</strong></span> <span class='ocrx_word' id='word_1_71' title='bbox 247 694 447 746; x_wconf 88' lang='lat' dir='ltr'><strong>quidquid</strong></span> <span class='ocrx_word' id='word_1_72' title='bbox 481 693 522 733; x_wconf 90' lang='lat' dir='ltr'><strong>in</strong></span> <span class='ocrx_word' id='word_1_73' title='bbox 556 692 814 733; x_wconf 86' lang='lat' dir='ltr'><strong>acerbissima</strong></span> <span class='ocrx_word' id='word_1_74' title='bbox 852 693 1080 745; x_wconf 83' lang='lat' dir='ltr'><strong>captivitate</strong></span> <span class='ocrx_word' id='word_1_75' title='bbox 1119 695 1325 742; x_wconf 89' lang='lat' dir='ltr'><strong>scelerum,</strong></span> <span class='ocrx_word' id='word_1_76' title='bbox 1358 706 1520 745; x_wconf 90' lang='lat' dir='ltr'><strong>prorsus</strong></span> <span class='ocrx_word' id='word_1_77' title='bbox 1540 708 1585 735; x_wconf 75' lang='grc' dir='ltr'><strong>ιο</strong></span> 
     </span>
     <span class='ocr_line' id='line_1_10' title="bbox 105 759 1521 801; baseline -0.001 -1"><span class='ocrx_word' id='word_1_78' title='bbox 105 766 150 800; x_wconf 91' lang='lat' dir='ltr'><strong>ut</strong></span> <span class='ocrx_word' id='word_1_79' title='bbox 174 759 348 801; x_wconf 76' lang='lat' dir='ltr'><strong>eandem</strong></span> <span class='ocrx_word' id='word_1_80' title='bbox 374 759 575 800; x_wconf 91' lang='lat' dir='ltr'><strong>civitatem</strong></span> <span class='ocrx_word' id='word_1_81' title='bbox 600 767 640 800; x_wconf 87' lang='lat' dir='ltr'><strong>et</strong></span> <span class='ocrx_word' id='word_1_82' title='bbox 666 761 794 799; x_wconf 89' lang='lat' dir='ltr'><strong>furere</strong></span> <span class='ocrx_word' id='word_1_83' title='bbox 817 760 999 799; x_wconf 91' lang='lat' dir='ltr'><strong>crederes</strong></span> <span class='ocrx_word' id='word_1_84' title='bbox 1023 766 1062 799; x_wconf 93' lang='lat' dir='ltr'><strong>et</strong></span> <span class='ocrx_word' id='word_1_85' title='bbox 1086 759 1276 800; x_wconf 87' lang='lat' dir='ltr'><strong>lascivire.</strong></span> <span class='ocrx_word' id='word_1_86' title='bbox 1334 759 1521 800; x_wconf 90' lang='lat' dir='ltr'><strong>conflixe-</strong></span> 
     </span>
     <span class='ocr_line' id='line_1_11' title="bbox 105 824 1520 874; baseline 0.001 -9"><span class='ocrx_word' id='word_1_87' title='bbox 105 831 193 865; x_wconf 87' lang='lat' dir='ltr'><strong>rant</strong></span> <span class='ocrx_word' id='word_1_88' title='bbox 218 831 258 865; x_wconf 84' lang='lat' dir='ltr'><strong>et</strong></span> <span class='ocrx_word' id='word_1_89' title='bbox 278 833 372 866; x_wconf 88' lang='lat' dir='ltr'><strong>ante</strong></span> <span class='ocrx_word' id='word_1_90' title='bbox 397 825 539 866; x_wconf 89' lang='lat' dir='ltr'><strong>armati</strong></span> <span class='ocrx_word' id='word_1_91' title='bbox 568 825 762 866; x_wconf 90' lang='lat' dir='ltr'><strong>exercitus</strong></span> <span class='ocrx_word' id='word_1_92' title='bbox 790 824 832 864; x_wconf 92' lang='lat' dir='ltr'><strong>in</strong></span> <span class='ocrx_word' id='word_1_93' title='bbox 862 825 970 873; x_wconf 90' lang='lat' dir='ltr'><strong>urbe,</strong></span> <span class='ocrx_word' id='word_1_94' title='bbox 997 824 1059 865; x_wconf 89' lang='lat' dir='ltr'><strong>bis</strong></span> <span class='ocrx_word' id='word_1_95' title='bbox 1089 826 1216 865; x_wconf 91' lang='lat' dir='ltr'><strong>Lucio</strong></span> <span class='ocrx_word' id='word_1_96' title='bbox 1246 827 1365 874; x_wconf 89' lang='lat' dir='ltr'><strong>Sulla,</strong></span> <span class='ocrx_word' id='word_1_97' title='bbox 1394 826 1520 866; x_wconf 86' lang='lat' dir='ltr'><strong>semel</strong></span> 
     </span>
     <span class='ocr_line' id='line_1_12' title="bbox 105 890 1521 942; baseline -0.001 -9"><span class='ocrx_word' id='word_1_98' title='bbox 105 892 239 934; x_wconf 89' lang='lat' dir='ltr'><strong>Cinna</strong></span> <span class='ocrx_word' id='word_1_99' title='bbox 269 891 498 942; x_wconf 88' lang='lat' dir='ltr'><strong>victoribus,</strong></span> <span class='ocrx_word' id='word_1_100' title='bbox 534 906 611 933; x_wconf 90' lang='lat' dir='ltr'><strong>nec</strong></span> <span class='ocrx_word' id='word_1_101' title='bbox 649 899 745 932; x_wconf 92' lang='lat' dir='ltr'><strong>tunc</strong></span> <span class='ocrx_word' id='word_1_102' title='bbox 780 890 912 932; x_wconf 90' lang='lat' dir='ltr'><strong>minus</strong></span> <span class='ocrx_word' id='word_1_103' title='bbox 951 891 1220 933; x_wconf 89' lang='lat' dir='ltr'><strong>crudelitatis:</strong></span> <span class='ocrx_word' id='word_1_104' title='bbox 1260 905 1368 932; x_wconf 90' lang='lat' dir='ltr'><strong>nunc</strong></span> <span class='ocrx_word' id='word_1_105' title='bbox 1406 892 1521 932; x_wconf 91' lang='lat' dir='ltr'><strong>inhu-</strong></span> 
     </span>
     <span class='ocr_line' id='line_1_13' title="bbox 106 957 1519 1010; baseline -0.001 -11"><span class='ocrx_word' id='word_1_106' title='bbox 106 972 226 999; x_wconf 89' lang='lat' dir='ltr'><strong>mana</strong></span> <span class='ocrx_word' id='word_1_107' title='bbox 262 957 451 999; x_wconf 88' lang='lat' dir='ltr'><strong>securitas</strong></span> <span class='ocrx_word' id='word_1_108' title='bbox 490 966 529 999; x_wconf 91' lang='lat' dir='ltr'><strong>et</strong></span> <span class='ocrx_word' id='word_1_109' title='bbox 567 971 619 999; x_wconf 91' lang='lat' dir='ltr'><strong>ne</strong></span> <span class='ocrx_word' id='word_1_110' title='bbox 659 957 826 997; x_wconf 89' lang='lat' dir='ltr'><strong>minimo</strong></span> <span class='ocrx_word' id='word_1_111' title='bbox 865 958 1030 1009; x_wconf 89' lang='lat' dir='ltr'><strong>quidem</strong></span> <span class='ocrx_word' id='word_1_112' title='bbox 1068 957 1259 1010; x_wconf 90' lang='lat' dir='ltr'><strong>temporis</strong></span> <span class='ocrx_word' id='word_1_113' title='bbox 1293 958 1519 1010; x_wconf 89' lang='lat' dir='ltr'><strong>voluptates</strong></span> 
     </span>
     <span class='ocr_line' id='line_1_14' title="bbox 104 1023 1581 1076; baseline -0.001 -12"><span class='ocrx_word' id='word_1_114' title='bbox 104 1023 376 1065; x_wconf 85' lang='lat' dir='ltr'><strong>intermissae:</strong></span> <span class='ocrx_word' id='word_1_115' title='bbox 411 1025 518 1065; x_wconf 90' lang='lat' dir='ltr'><strong>velut</strong></span> <span class='ocrx_word' id='word_1_116' title='bbox 550 1023 658 1064; x_wconf 91' lang='lat' dir='ltr'><strong>festis</strong></span> <span class='ocrx_word' id='word_1_117' title='bbox 687 1023 833 1064; x_wconf 20' lang='lat' dir='ltr'><strong>,diebus</strong></span> <span class='ocrx_word' id='word_1_118' title='bbox 864 1023 906 1063; x_wconf 91' lang='lat' dir='ltr'><strong>id</strong></span> <span class='ocrx_word' id='word_1_119' title='bbox 938 1036 1100 1075; x_wconf 92' lang='lat' dir='ltr'><strong>quoque</strong></span> <span class='ocrx_word' id='word_1_120' title='bbox 1133 1024 1324 1076; x_wconf 86' lang='lat' dir='ltr'><strong>gaudium</strong></span> <span class='ocrx_word' id='word_1_121' title='bbox 1355 1024 1521 1066; x_wconf 87' lang='lat' dir='ltr'><strong>accede-</strong></span> <span class='ocrx_word' id='word_1_122' title='bbox 1540 1035 1581 1072; x_wconf 81' lang='lat'><strong>15</strong></span> 
     </span>
     <span class='ocr_line' id='line_1_15' title="bbox 105 1089 1521 1143; baseline 0.001 -14"><span class='ocrx_word' id='word_1_123' title='bbox 105 1097 174 1138; x_wconf 87' lang='lat' dir='ltr'><strong>ret,</strong></span> <span class='ocrx_word' id='word_1_124' title='bbox 214 1089 457 1140; x_wconf 87' lang='lat' dir='ltr'><strong>exultabant,</strong></span> <span class='ocrx_word' id='word_1_125' title='bbox 497 1090 739 1138; x_wconf 85' lang='lat' dir='ltr'><strong>fruebantur,</strong></span> <span class='ocrx_word' id='word_1_126' title='bbox 782 1090 891 1129; x_wconf 92' lang='lat' dir='ltr'><strong>nulla</strong></span> <span class='ocrx_word' id='word_1_127' title='bbox 935 1089 1106 1141; x_wconf 89' lang='lat' dir='ltr'><strong>partium</strong></span> <span class='ocrx_word' id='word_1_128' title='bbox 1149 1103 1254 1139; x_wconf 90' lang='lat' dir='ltr'><strong>cura,</strong></span> <span class='ocrx_word' id='word_1_129' title='bbox 1296 1089 1410 1130; x_wconf 89' lang='lat' dir='ltr'><strong>malis</strong></span> <span class='ocrx_word' id='word_1_130' title='bbox 1446 1102 1521 1143; x_wconf 89' lang='lat' dir='ltr'><strong>pu-</strong></span> 
     </span>
     <span class='ocr_line' id='line_1_16' title="bbox 106 1154 343 1196; baseline 0.004 -1"><span class='ocrx_word' id='word_1_131' title='bbox 106 1154 220 1196; x_wconf 92' lang='lat' dir='ltr'><strong>blicis</strong></span> <span class='ocrx_word' id='word_1_132' title='bbox 239 1154 343 1196; x_wconf 86' lang='lat' dir='ltr'><strong>laeti.</strong></span> 
     </span>
    </p>

    <p class='ocr_par' dir='ltr' id='par_1_3' title="bbox 103 1219 1592 2128">
     <span class='ocr_line' id='line_1_17' title="bbox 269 1219 1592 1276; baseline 0.002 -16"><span class='ocrx_word' id='word_1_133' title='bbox 269 1220 488 1261; x_wconf 88' lang='lat' dir='ltr'><strong>Plurimum</strong></span> <span class='ocrx_word' id='word_1_134' title='bbox 543 1220 659 1261; x_wconf 90' lang='lat' dir='ltr'><strong>molis</strong></span> <span class='ocrx_word' id='word_1_135' title='bbox 709 1220 751 1260; x_wconf 91' lang='lat' dir='ltr'><strong>in</strong></span> <span class='ocrx_word' id='word_1_136' title='bbox 805 1220 1105 1272; x_wconf 88' lang='lat' dir='ltr'><strong>obpugnatione</strong></span> <span class='ocrx_word' id='word_1_137' title='bbox 1157 1229 1376 1262; x_wconf 90' lang='lat' dir='ltr'><strong>castrorum</strong></span> <span class='ocrx_word' id='word_1_138' title='bbox 1429 1219 1514 1270; x_wconf 89' lang='lat' dir='ltr'><strong>fuit,</strong></span> <span class='ocrx_word' id='word_1_139' title='bbox 1536 1224 1592 1276; x_wconf 88' lang='grc'><strong>84</strong></span> 
     </span>
     <span class='ocr_line' id='line_1_18' title="bbox 104 1285 1518 1338; baseline 0.001 -12"><span class='ocrx_word' id='word_1_140' title='bbox 104 1299 208 1338; x_wconf 91' lang='lat' dir='ltr'><strong>quae</strong></span> <span class='ocrx_word' id='word_1_141' title='bbox 235 1285 449 1326; x_wconf 90' lang='lat' dir='ltr'><strong>acerrimus</strong></span> <span class='ocrx_word' id='word_1_142' title='bbox 475 1285 647 1338; x_wconf 92' lang='lat' dir='ltr'><strong>quisque</strong></span> <span class='ocrx_word' id='word_1_143' title='bbox 674 1292 718 1325; x_wconf 93' lang='lat' dir='ltr'><strong>ut</strong></span> <span class='ocrx_word' id='word_1_144' title='bbox 745 1285 1001 1325; x_wconf 89' lang='lat' dir='ltr'><strong>novissimam</strong></span> <span class='ocrx_word' id='word_1_145' title='bbox 1030 1299 1142 1338; x_wconf 89' lang='lat' dir='ltr'><strong>spem</strong></span> <span class='ocrx_word' id='word_1_146' title='bbox 1172 1286 1408 1328; x_wconf 88' lang='lat' dir='ltr'><strong>retinebant.</strong></span> <span class='ocrx_word' id='word_1_147' title='bbox 1466 1301 1518 1328; x_wconf 89' lang='lat' dir='ltr'><strong>eo</strong></span> 
     </span>
     <span class='ocr_line' id='line_1_19' title="bbox 104 1350 1517 1404; baseline 0.001 -13"><span class='ocrx_word' id='word_1_148' title='bbox 104 1350 294 1392; x_wconf 89' lang='lat' dir='ltr'><strong>intentius</strong></span> <span class='ocrx_word' id='word_1_149' title='bbox 324 1351 503 1402; x_wconf 88' lang='lat' dir='ltr'><strong>victores,</strong></span> <span class='ocrx_word' id='word_1_150' title='bbox 536 1351 752 1404; x_wconf 88' lang='lat' dir='ltr'><strong>praecipuo</strong></span> <span class='ocrx_word' id='word_1_151' title='bbox 781 1360 959 1392; x_wconf 92' lang='lat' dir='ltr'><strong>veterum</strong></span> <span class='ocrx_word' id='word_1_152' title='bbox 990 1353 1216 1392; x_wconf 89' lang='lat' dir='ltr'><strong>cohortium</strong></span> <span class='ocrx_word' id='word_1_153' title='bbox 1246 1352 1392 1402; x_wconf 89' lang='lat' dir='ltr'><strong>studi0‚</strong></span> <span class='ocrx_word' id='word_1_154' title='bbox 1423 1365 1517 1393; x_wconf 90' lang='lat' dir='ltr'><strong>cun-</strong></span> 
     </span>
     <span class='ocr_line' id='line_1_20' title="bbox 103 1416 1515 1470; baseline 0.001 -14"><span class='ocrx_word' id='word_1_155' title='bbox 103 1423 169 1457; x_wconf 85' lang='lat' dir='ltr'><strong>cta</strong></span> <span class='ocrx_word' id='word_1_156' title='bbox 202 1416 532 1458; x_wconf 90' lang='lat' dir='ltr'><strong>validissimarum</strong></span> <span class='ocrx_word' id='word_1_157' title='bbox 567 1418 728 1459; x_wconf 90' lang='lat' dir='ltr'><strong>urbium</strong></span> <span class='ocrx_word' id='word_1_158' title='bbox 758 1417 922 1458; x_wconf 87' lang='lat' dir='ltr'><strong>excidiis</strong></span> <span class='ocrx_word' id='word_1_159' title='bbox 951 1425 1105 1470; x_wconf 88' lang='lat' dir='ltr'><strong>reperta</strong></span> <span class='ocrx_word' id='word_1_160' title='bbox 1136 1417 1254 1457; x_wconf 90' lang='lat' dir='ltr'><strong>simul</strong></span> <span class='ocrx_word' id='word_1_161' title='bbox 1285 1419 1515 1467; x_wconf 89' lang='lat' dir='ltr'><strong>admovent,</strong></span> 
     </span>
     <span class='ocr_line' id='line_1_21' title="bbox 104 1482 1556 1537; baseline 0.002 -16"><span class='ocrx_word' id='word_1_162' title='bbox 104 1483 347 1523; x_wconf 89' lang='lat' dir='ltr'><strong>testudinem</strong></span> <span class='ocrx_word' id='word_1_163' title='bbox 380 1491 579 1524; x_wconf 89' lang='lat' dir='ltr'><strong>tormenta</strong></span> <span class='ocrx_word' id='word_1_164' title='bbox 613 1498 773 1537; x_wconf 87' lang='lat' dir='ltr'><strong>aggeres</strong></span> <span class='ocrx_word' id='word_1_165' title='bbox 807 1485 1005 1535; x_wconf 92' lang='lat' dir='ltr'><strong>facesque,</strong></span> <span class='ocrx_word' id='word_1_166' title='bbox 1039 1482 1237 1534; x_wconf 87' lang='lat' dir='ltr'><strong>quidquid</strong></span> <span class='ocrx_word' id='word_1_167' title='bbox 1268 1490 1328 1524; x_wconf 89' lang='lat' dir='ltr'><strong>tot</strong></span> <span class='ocrx_word' id='word_1_168' title='bbox 1358 1483 1518 1535; x_wconf 90' lang='lat' dir='ltr'><strong>proeliis</strong></span> <span class='ocrx_word' id='word_1_169' title='bbox 1538 1498 1556 1531; x_wconf 86' lang='lat'>5</span> 
     </span>
     <span class='ocr_line' id='line_1_22' title="bbox 104 1547 1518 1602; baseline 0.002 -16"><span class='ocrx_word' id='word_1_170' title='bbox 104 1547 250 1588; x_wconf 90' lang='lat' dir='ltr'><strong>laboris</strong></span> <span class='ocrx_word' id='word_1_171' title='bbox 280 1562 328 1588; x_wconf 89' lang='lat' dir='ltr'><strong>ac</strong></span> <span class='ocrx_word' id='word_1_172' title='bbox 359 1549 523 1602; x_wconf 87' lang='lat' dir='ltr'><strong>periculi</strong></span> <span class='ocrx_word' id='word_1_173' title='bbox 555 1550 790 1599; x_wconf 90' lang='lat' dir='ltr'><strong>hausissent,</strong></span> <span class='ocrx_word' id='word_1_174' title='bbox 827 1563 947 1601; x_wconf 89' lang='lat' dir='ltr'><strong>opere</strong></span> <span class='ocrx_word' id='word_1_175' title='bbox 980 1550 1048 1589; x_wconf 94' lang='lat' dir='ltr'><strong>illo</strong></span> <span class='ocrx_word' id='word_1_176' title='bbox 1082 1548 1351 1589; x_wconf 86' lang='lat' dir='ltr'><strong>consummari</strong></span> <span class='ocrx_word' id='word_1_177' title='bbox 1385 1549 1518 1589; x_wconf 91' lang='lat' dir='ltr'><strong>clami-</strong></span> 
     </span>
     <span class='ocr_line' id='line_1_23' title="bbox 104 1614 1517 1668; baseline 0.003 -16"><span class='ocrx_word' id='word_1_178' title='bbox 104 1619 244 1654; x_wconf 89' lang='lat' dir='ltr'><strong>tantes.</strong></span> <span class='ocrx_word' id='word_1_179' title='bbox 305 1614 446 1655; x_wconf 89' lang='lat' dir='ltr'><strong>urbem</strong></span> <span class='ocrx_word' id='word_1_180' title='bbox 478 1617 632 1656; x_wconf 89' lang='lat' dir='ltr'><strong>senatui</strong></span> <span class='ocrx_word' id='word_1_181' title='bbox 663 1629 711 1656; x_wconf 91' lang='lat' dir='ltr'><strong>ac</strong></span> <span class='ocrx_word' id='word_1_182' title='bbox 743 1617 894 1668; x_wconf 89' lang='lat' dir='ltr'><strong>populo</strong></span> <span class='ocrx_word' id='word_1_183' title='bbox 927 1617 1125 1663; x_wconf 90' lang='lat' dir='ltr'><strong>Romano,</strong></span> <span class='ocrx_word' id='word_1_184' title='bbox 1159 1616 1308 1666; x_wconf 88' lang='lat' dir='ltr'><strong>templa</strong></span> <span class='ocrx_word' id='word_1_185' title='bbox 1339 1614 1402 1656; x_wconf 91' lang='lat' dir='ltr'><strong>dis</strong></span> <span class='ocrx_word' id='word_1_186' title='bbox 1434 1616 1517 1656; x_wconf 91' lang='lat' dir='ltr'><strong>red-</strong></span> 
     </span>
     <span class='ocr_line' id='line_1_24' title="bbox 103 1676 1515 1732; baseline 0.001 -15"><span class='ocrx_word' id='word_1_187' title='bbox 103 1676 210 1718; x_wconf 86' lang='lat' dir='ltr'><strong>dita:</strong></span> <span class='ocrx_word' id='word_1_188' title='bbox 252 1679 456 1732; x_wconf 91' lang='lat' dir='ltr'><strong>proprium</strong></span> <span class='ocrx_word' id='word_1_189' title='bbox 491 1694 578 1722; x_wconf 89' lang='lat' dir='ltr'><strong>esse</strong></span> <span class='ocrx_word' id='word_1_190' title='bbox 609 1681 743 1722; x_wconf 88' lang='lat' dir='ltr'><strong>militis</strong></span> <span class='ocrx_word' id='word_1_191' title='bbox 775 1683 899 1721; x_wconf 89' lang='lat' dir='ltr'><strong>decus</strong></span> <span class='ocrx_word' id='word_1_192' title='bbox 931 1681 972 1720; x_wconf 89' lang='lat' dir='ltr'><strong>in</strong></span> <span class='ocrx_word' id='word_1_193' title='bbox 1003 1680 1163 1720; x_wconf 87' lang='lat' dir='ltr'><strong>castris:</strong></span> <span class='ocrx_word' id='word_1_194' title='bbox 1197 1679 1305 1720; x_wconf 89' lang='lat' dir='ltr'><strong>illam</strong></span> <span class='ocrx_word' id='word_1_195' title='bbox 1335 1680 1515 1732; x_wconf 84' lang='lat' dir='ltr'><strong>patriam,</strong></span> 
     </span>
     <span class='ocr_line' id='line_1_25' title="bbox 103 1744 1518 1799; baseline 0.004 -17"><span class='ocrx_word' id='word_1_196' title='bbox 103 1744 191 1784; x_wconf 90' lang='lat' dir='ltr'><strong>illos</strong></span> <span class='ocrx_word' id='word_1_197' title='bbox 225 1745 392 1797; x_wconf 89' lang='lat' dir='ltr'><strong>penatis.</strong></span> <span class='ocrx_word' id='word_1_198' title='bbox 452 1746 495 1787; x_wconf 91' lang='lat' dir='ltr'><strong>ni</strong></span> <span class='ocrx_word' id='word_1_199' title='bbox 525 1747 658 1788; x_wconf 87' lang='lat' dir='ltr'><strong>statim</strong></span> <span class='ocrx_word' id='word_1_200' title='bbox 693 1747 940 1799; x_wconf 90' lang='lat' dir='ltr'><strong>recipiantur,</strong></span> <span class='ocrx_word' id='word_1_201' title='bbox 980 1754 1141 1787; x_wconf 87' lang='lat' dir='ltr'><strong>noctem</strong></span> <span class='ocrx_word' id='word_1_202' title='bbox 1177 1747 1216 1786; x_wconf 89' lang='lat' dir='ltr'><strong>in</strong></span> <span class='ocrx_word' id='word_1_203' title='bbox 1247 1748 1366 1785; x_wconf 90' lang='lat' dir='ltr'><strong>armis</strong></span> <span class='ocrx_word' id='word_1_204' title='bbox 1400 1760 1518 1798; x_wconf 90' lang='lat' dir='ltr'><strong>agen-</strong></span> 
     </span>
     <span class='ocr_line' id='line_1_26' title="bbox 103 1809 1581 1865; baseline 0.003 -16"><span class='ocrx_word' id='word_1_205' title='bbox 103 1809 208 1849; x_wconf 88' lang='lat' dir='ltr'><strong>dam.</strong></span> <span class='ocrx_word' id='word_1_206' title='bbox 267 1820 407 1852; x_wconf 91' lang='lat' dir='ltr'><strong>contra</strong></span> <span class='ocrx_word' id='word_1_207' title='bbox 426 1812 640 1862; x_wconf 90' lang='lat' dir='ltr'><strong>Vitelliani,</strong></span> <span class='ocrx_word' id='word_1_208' title='bbox 665 1827 911 1865; x_wconf 88' lang='lat' dir='ltr'><strong>quamquam</strong></span> <span class='ocrx_word' id='word_1_209' title='bbox 938 1825 1106 1852; x_wconf 89' lang='lat' dir='ltr'><strong>numero</strong></span> <span class='ocrx_word' id='word_1_210' title='bbox 1136 1813 1298 1863; x_wconf 90' lang='lat' dir='ltr'><strong>fatoque</strong></span> <span class='ocrx_word' id='word_1_211' title='bbox 1327 1811 1515 1864; x_wconf 88' lang='lat' dir='ltr'><strong>dispares,</strong></span> <span class='ocrx_word' id='word_1_212' title='bbox 1540 1830 1581 1853; x_wconf 88' lang='lat'><strong>10</strong></span> 
     </span>
     <span class='ocr_line' id='line_1_27' title="bbox 103 1873 1517 1931; baseline 0.004 -17"><span class='ocrx_word' id='word_1_213' title='bbox 103 1873 324 1927; x_wconf 89' lang='lat' dir='ltr'><strong>inquietare</strong></span> <span class='ocrx_word' id='word_1_214' title='bbox 357 1877 577 1928; x_wconf 90' lang='lat' dir='ltr'><strong>victoriam,</strong></span> <span class='ocrx_word' id='word_1_215' title='bbox 612 1879 756 1919; x_wconf 90' lang='lat' dir='ltr'><strong>morari</strong></span> <span class='ocrx_word' id='word_1_216' title='bbox 794 1892 946 1931; x_wconf 88' lang='lat' dir='ltr'><strong>pacem,</strong></span> <span class='ocrx_word' id='word_1_217' title='bbox 988 1879 1132 1918; x_wconf 90' lang='lat' dir='ltr'><strong>domos</strong></span> <span class='ocrx_word' id='word_1_218' title='bbox 1171 1891 1338 1929; x_wconf 90' lang='lat' dir='ltr'><strong>arasque</strong></span> <span class='ocrx_word' id='word_1_219' title='bbox 1375 1891 1517 1921; x_wconf 90' lang='lat' dir='ltr'><strong>cruore</strong></span> 
     </span>
     <span class='ocr_line' id='line_1_28' title="bbox 103 1940 1517 1997; baseline 0.004 -18"><span class='ocrx_word' id='word_1_220' title='bbox 103 1940 265 1982; x_wconf 85' lang='lat' dir='ltr'><strong>foedare</strong></span> <span class='ocrx_word' id='word_1_221' title='bbox 285 1955 469 1995; x_wconf 89' lang='lat' dir='ltr'><strong>suprema</strong></span> <span class='ocrx_word' id='word_1_222' title='bbox 488 1944 602 1984; x_wconf 91' lang='lat' dir='ltr'><strong>victis</strong></span> <span class='ocrx_word' id='word_1_223' title='bbox 622 1946 768 1985; x_wconf 87' lang='lat' dir='ltr'><strong>solacia</strong></span> <span class='ocrx_word' id='word_1_224' title='bbox 788 1944 1144 1997; x_wconf 89' lang='lat' dir='ltr'><strong>amplectebantur.</strong></span> <span class='ocrx_word' id='word_1_225' title='bbox 1200 1942 1314 1983; x_wconf 89' lang='lat' dir='ltr'><strong>multi</strong></span> <span class='ocrx_word' id='word_1_226' title='bbox 1334 1944 1517 1985; x_wconf 88' lang='lat' dir='ltr'><strong>semiani-</strong></span> 
     </span>
     <span class='ocr_line' id='line_1_29' title="bbox 104 2009 1516 2063; baseline 0.004 -17"><span class='ocrx_word' id='word_1_227' title='bbox 104 2019 189 2047; x_wconf 90' lang='lat' dir='ltr'><strong>mes</strong></span> <span class='ocrx_word' id='word_1_228' title='bbox 220 2021 338 2061; x_wconf 89' lang='lat' dir='ltr'><strong>super</strong></span> <span class='ocrx_word' id='word_1_229' title='bbox 365 2009 480 2050; x_wconf 89' lang='lat' dir='ltr'><strong>turris</strong></span> <span class='ocrx_word' id='word_1_230' title='bbox 509 2018 549 2051; x_wconf 89' lang='lat' dir='ltr'><strong>et</strong></span> <span class='ocrx_word' id='word_1_231' title='bbox 578 2012 877 2063; x_wconf 88' lang='lat' dir='ltr'><strong>propugnacula</strong></span> <span class='ocrx_word' id='word_1_232' title='bbox 905 2009 1112 2051; x_wconf 90' lang='lat' dir='ltr'><strong>moenium</strong></span> <span class='ocrx_word' id='word_1_233' title='bbox 1141 2009 1390 2061; x_wconf 87' lang='lat' dir='ltr'><strong>expiravere:</strong></span> <span class='ocrx_word' id='word_1_234' title='bbox 1424 2024 1516 2052; x_wconf 92' lang='lat' dir='ltr'><strong>con-</strong></span> 
     </span>
     <span class='ocr_line' id='line_1_30' title="bbox 103 2071 1516 2128; baseline 0.004 -16"><span class='ocrx_word' id='word_1_235' title='bbox 103 2071 224 2113; x_wconf 89' lang='lat' dir='ltr'><strong>vulsis</strong></span> <span class='ocrx_word' id='word_1_236' title='bbox 263 2074 386 2126; x_wconf 88' lang='lat' dir='ltr'><strong>portis</strong></span> <span class='ocrx_word' id='word_1_237' title='bbox 426 2075 600 2128; x_wconf 89' lang='lat' dir='ltr'><strong>reliquus</strong></span> <span class='ocrx_word' id='word_1_238' title='bbox 631 2077 775 2128; x_wconf 87' lang='lat' dir='ltr'><strong>globus</strong></span> <span class='ocrx_word' id='word_1_239' title='bbox 811 2076 956 2117; x_wconf 92' lang='lat' dir='ltr'><strong>obtulit</strong></span> <span class='ocrx_word' id='word_1_240' title='bbox 995 2090 1037 2115; x_wconf 91' lang='lat' dir='ltr'><strong>se</strong></span> <span class='ocrx_word' id='word_1_241' title='bbox 1072 2075 1300 2124; x_wconf 90' lang='lat' dir='ltr'><strong>victoribus,</strong></span> <span class='ocrx_word' id='word_1_242' title='bbox 1339 2083 1378 2115; x_wconf 89' lang='lat' dir='ltr'><strong>et</strong></span> <span class='ocrx_word' id='word_1_243' title='bbox 1416 2076 1516 2117; x_wconf 86' lang='lat' dir='ltr'><strong>ceci-</strong></span> 
     </span>
    </p>
   </div>
   <div class='ocr_carea' id='block_1_3' title="bbox 102 2175 1518 2443">
    <p class='ocr_par' dir='ltr' id='par_1_4' title="bbox 103 2175 1518 2354">
     <span class='ocr_line' id='line_1_31' title="bbox 104 2175 1518 2224; baseline 0.003 -14"><span class='ocrx_word' id='word_1_244' title='bbox 104 2187 122 2218; x_wconf 86' lang='lat'><strong>7</strong></span> <span class='ocrx_word' id='word_1_245' title='bbox 147 2175 256 2211; x_wconf 79' lang='lat' dir='ltr'><strong>Iaeies</strong></span> <span class='ocrx_word' id='word_1_246' title='bbox 265 2179 318 2218; x_wconf 85' lang='lat' dir='ltr'><strong>M,</strong></span> <span class='ocrx_word' id='word_1_247' title='bbox 335 2180 369 2212; x_wconf 84' lang='lat' dir='ltr'><strong>sa</strong></span> <span class='ocrx_word' id='word_1_248' title='bbox 379 2186 538 2222; x_wconf 85' lang='lat' dir='ltr'><strong>superscr.</strong></span> <span class='ocrx_word' id='word_1_249' title='bbox 554 2193 600 2214; x_wconf 90' lang='lat' dir='ltr'><strong>m.</strong></span> <span class='ocrx_word' id='word_1_250' title='bbox 618 2193 675 2215; x_wconf 85' lang='lat' dir='ltr'><strong>rec.</strong></span> <span class='ocrx_word' id='word_1_251' title='bbox 765 2181 861 2224; x_wconf 85' lang='lat' dir='ltr'><strong>alibi]</strong></span> <span class='ocrx_word' id='word_1_252' title='bbox 885 2181 943 2213; x_wconf 87' lang='lat' dir='ltr'><strong>alii</strong></span> <span class='ocrx_word' id='word_1_253' title='bbox 960 2181 1003 2213; x_wconf 94' lang='lat' dir='ltr'><em>M</em></span> <span class='ocrx_word' id='word_1_254' title='bbox 1097 2182 1118 2213; x_wconf 90' lang='lat'><em>8</em></span> <span class='ocrx_word' id='word_1_255' title='bbox 1141 2182 1240 2213; x_wconf 89' lang='lat' dir='ltr'><strong>simul</strong></span> <span class='ocrx_word' id='word_1_256' title='bbox 1251 2182 1321 2214; x_wconf 85' lang='lat' dir='ltr'><strong>secl.</strong></span> <span class='ocrx_word' id='word_1_257' title='bbox 1334 2181 1518 2223; x_wconf 75' lang='lat' dir='ltr'><strong>Nipperdey</strong></span> 
     </span>
     <span class='ocr_line' id='line_1_32' title="bbox 104 2224 1516 2267; baseline 0.003 -13"><span class='ocrx_word' id='word_1_258' title='bbox 104 2227 243 2255; x_wconf 84' lang='lat' dir='ltr'><strong>erum-et</strong></span> <span class='ocrx_word' id='word_1_259' title='bbox 268 2228 302 2255; x_wconf 87' lang='lat' dir='ltr'><strong>et</strong></span> <span class='ocrx_word' id='word_1_260' title='bbox 325 2224 374 2264; x_wconf 90' lang='lat' dir='ltr'><strong>M,</strong></span> <span class='ocrx_word' id='word_1_261' title='bbox 401 2230 506 2267; x_wconf 85' lang='lat' dir='ltr'><strong>supra</strong></span> <span class='ocrx_word' id='word_1_262' title='bbox 531 2231 583 2258; x_wconf 88' lang='lat' dir='ltr'><strong>ret</strong></span> <span class='ocrx_word' id='word_1_263' title='bbox 607 2237 682 2258; x_wconf 82' lang='lat' dir='ltr'><strong>eam</strong></span> <span class='ocrx_word' id='word_1_264' title='bbox 700 2227 858 2267; x_wconf 83' lang='lat' dir='ltr'><strong>sormam</strong></span> <span class='ocrx_word' id='word_1_265' title='bbox 886 2226 1009 2257; x_wconf 82' lang='lat' dir='ltr'><strong>litterae</strong></span> <span class='ocrx_word' id='word_1_266' title='bbox 1039 2236 1055 2256; x_wconf 87' lang='lat' dir='ltr'><strong>r</strong></span> <span class='ocrx_word' id='word_1_267' title='bbox 1082 2230 1239 2267; x_wconf 77' lang='lat' dir='ltr'><strong>superscr.</strong></span> <span class='ocrx_word' id='word_1_268' title='bbox 1265 2236 1334 2265; x_wconf 88' lang='lat' dir='ltr'><strong>qua</strong></span> <span class='ocrx_word' id='word_1_269' title='bbox 1356 2226 1516 2258; x_wconf 82' lang='lat' dir='ltr'><strong>vocabula</strong></span> 
     </span>
     <span class='ocr_line' id='line_1_33' title="bbox 103 2265 1515 2310; baseline 0.003 -13"><span class='ocrx_word' id='word_1_270' title='bbox 103 2265 312 2299; x_wconf 81' lang='lat' dir='ltr'><strong>clauduntur</strong></span> <span class='ocrx_word' id='word_1_271' title='bbox 325 2267 368 2300; x_wconf 94' lang='lat' dir='ltr'><em>M</em></span> <span class='ocrx_word' id='word_1_272' title='bbox 371 2268 381 2289; x_wconf 87' lang='lat'>¹</span> <span class='ocrx_word' id='word_1_273' title='bbox 567 2279 607 2301; x_wconf 83' lang='lat'><strong>12</strong></span> <span class='ocrx_word' id='word_1_274' title='bbox 631 2275 666 2302; x_wconf 92' lang='lat' dir='ltr'><strong>et</strong></span> <span class='ocrx_word' id='word_1_275' title='bbox 682 2276 762 2303; x_wconf 89' lang='lat' dir='ltr'><strong>ante</strong></span> <span class='ocrx_word' id='word_1_276' title='bbox 778 2270 903 2302; x_wconf 76' lang='lat' dir='ltr'><strong>Ritter:</strong></span> <span class='ocrx_word' id='word_1_277' title='bbox 928 2274 1009 2302; x_wconf 90' lang='lat' dir='ltr'><strong>ante</strong></span> <span class='ocrx_word' id='word_1_278' title='bbox 1025 2269 1069 2301; x_wconf 89' lang='lat' dir='ltr'><em>M</em></span> <span class='ocrx_word' id='word_1_279' title='bbox 1164 2270 1240 2301; x_wconf 90' lang='lat' dir='ltr'><strong>silla</strong></span> <span class='ocrx_word' id='word_1_280' title='bbox 1256 2270 1300 2301; x_wconf 91' lang='lat' dir='ltr'><em>M</em></span> <span class='ocrx_word' id='word_1_281' title='bbox 1475 2281 1515 2310; x_wconf 89' lang='lat'><strong>13</strong></span> 
     </span>
     <span class='ocr_line' id='line_1_34' title="bbox 105 2309 535 2354; baseline 0.007 -12"><span class='ocrx_word' id='word_1_282' title='bbox 105 2309 144 2343; x_wconf 92' lang='lat' dir='ltr'><strong>L.</strong></span> <span class='ocrx_word' id='word_1_283' title='bbox 160 2311 270 2343; x_wconf 80' lang='lat' dir='ltr'><strong>Cinna</strong></span> <span class='ocrx_word' id='word_1_284' title='bbox 287 2311 406 2354; x_wconf 79' lang='lat' dir='ltr'><strong>Ritter,</strong></span> <span class='ocrx_word' id='word_1_285' title='bbox 425 2312 535 2345; x_wconf 86' lang='lat' dir='ltr'><strong>Halm</strong></span> 
     </span>
    </p>

    <p class='ocr_par' dir='ltr' id='par_1_5' title="bbox 102 2353 1512 2443">
     <span class='ocr_line' id='line_1_35' title="bbox 146 2353 1512 2399; baseline 0.002 -12"><span class='ocrx_word' id='word_1_286' title='bbox 146 2353 210 2397; x_wconf 86' lang='lat'><strong>84.</strong></span> <span class='ocrx_word' id='word_1_287' title='bbox 235 2364 256 2394; x_wconf 86' lang='lat'>5</span> <span class='ocrx_word' id='word_1_288' title='bbox 279 2366 443 2396; x_wconf 86' lang='lat' dir='ltr'><strong>aggerem</strong></span> <span class='ocrx_word' id='word_1_289' title='bbox 464 2356 582 2398; x_wconf 77' lang='lat' dir='ltr'><strong>Ritter,</strong></span> <span class='ocrx_word' id='word_1_290' title='bbox 600 2358 710 2390; x_wconf 88' lang='lat' dir='ltr'><strong>Halm</strong></span> <span class='ocrx_word' id='word_1_291' title='bbox 789 2358 964 2399; x_wconf 83' lang='lat' dir='ltr'><strong>falcesque</strong></span> <span class='ocrx_word' id='word_1_292' title='bbox 984 2357 1093 2390; x_wconf 76' lang='lat' dir='ltr'><strong>Ritter</strong></span> <span class='ocrx_word' id='word_1_293' title='bbox 1233 2358 1256 2389; x_wconf 90' lang='lat'><strong>6</strong></span> <span class='ocrx_word' id='word_1_294' title='bbox 1278 2357 1442 2398; x_wconf 86' lang='lat' dir='ltr'><strong>periculis</strong></span> <span class='ocrx_word' id='word_1_295' title='bbox 1463 2358 1512 2399; x_wconf 90' lang='lat' dir='ltr'><strong>M,</strong></span> 
     </span>
     <span class='ocr_line' id='line_1_36' title="bbox 102 2398 611 2443; baseline 0.008 -13"><span class='ocrx_word' id='word_1_296' title='bbox 102 2408 181 2431; x_wconf 82' lang='lat' dir='ltr'><strong>corr.</strong></span> <span class='ocrx_word' id='word_1_297' title='bbox 199 2398 256 2431; x_wconf 80' lang='lat' dir='ltr'><strong>M1</strong></span> <span class='ocrx_word' id='word_1_298' title='bbox 346 2402 550 2443; x_wconf 71' lang='lat' dir='ltr'><strong>consulmari</strong></span> <span class='ocrx_word' id='word_1_299' title='bbox 567 2402 611 2434; x_wconf 90' lang='lat' dir='ltr'><em>M</em></span> 
     </span>
    </p>
   </div>
  </div>
 </body>
</html>
