1748 2826
174 145 195 184 1
215 146 273 184 66
655 150 931 189 CORNELII
962 152 1157 192 TACITI

212 255 320 295 diam
349 255 540 296 exercitus
568 256 855 307 arbitrarentur,
878 272 969 298 cum
996 261 1103 300 haud
1132 261 1254 312 ignari
1283 261 1519 301 discriminis
1546 262 1607 302 sui

212 320 469 368 Viennenses,
511 322 732 361 velamenta
773 330 812 362 et
854 323 997 363 infulas
1035 327 1308 376 praeferentes,
1348 326 1418 366 ubi
1462 339 1606 378 agmen

174 400 192 432 5
211 384 436 434 incesserat,
473 398 580 424 arma
616 399 745 436 genua
781 387 942 439 vestigia
988 391 1212 440 prensando
1258 392 1399 430 flexere
1437 390 1606 430 militum

210 449 365 489 animos
381 463 392 498 3
419 449 573 489 addidit
599 451 746 490 Valens
775 458 955 491 trecenos
984 452 1146 503 singulis
1175 453 1364 493 militibus
1394 455 1603 494 sestertios.

209 522 293 554 tum
323 522 494 553 vetustas
528 514 777 565 dignitasque
809 518 990 556 coloniae
1017 517 1138 557 valuit
1166 525 1206 557 et
1233 519 1352 558 verba
1380 518 1479 558 Fabi
1507 519 1606 557 salu-

210 586 289 618 tem
336 578 730 630 incolumitatemque
768 580 1056 620 Viennensium
1103 583 1421 623 commendantis
1466 581 1604 634 aequis

207 643 367 682 auribus
404 650 567 694 accepta
583 658 594 692 3
646 644 804 694 publice
837 652 970 685 tamen
1007 645 1125 685 armis
1163 646 1327 695 multati,
1367 646 1527 699 privatis
1564 649 1626 686 et'

151 725 190 747 10
208 708 412 759 promiscis
433 708 556 759 copiis
576 708 707 748 iuvere
728 709 903 749 militem.
962 712 1032 750 sed
1053 712 1157 750 sama
1174 718 1360 750 constans
1381 710 1454 750 fuit
1473 710 1604 762 ipsum

207 775 417 813 Valentem
447 787 588 824 magna
616 773 784 824 pecunia
812 781 1001 825 emptum.
1060 774 1092 814 is
1120 775 1190 815 diu
1220 775 1412 823 sordidus,
1442 781 1604 826 repente

207 838 316 877 dives
359 838 618 877 mutationem
657 839 838 878 fortunae
875 841 977 879 male
1015 840 1182 890 tegebat,
1216 839 1394 879 accensis
1429 846 1603 890 egestate

206 903 325 953 longa
355 902 607 952 cupidinibus
641 902 924 942 immoderatus
956 911 995 943 et
1032 904 1142 955 inopi
1175 904 1334 943 iuventa
1367 917 1486 943 senex
1517 917 1606 956 pro·

207 966 334 1017 digus.
390 968 498 1006 lento
528 966 673 1006 deinde
701 967 858 1017 agmine
883 981 953 1018 per
978 968 1066 1007 finis
1093 969 1353 1019 Allobrogum
1379 981 1426 1007 ac
1443 966 1602 1007 Vocon-

148 1043 186 1076 15
207 1030 350 1069 tiorum
384 1032 527 1070 ductus
559 1031 761 1078 exercitus,
797 1030 882 1082 ipsa
919 1031 1103 1071 itinerum
1137 1032 1262 1083 spatia
1299 1039 1339 1072 et
1371 1030 1602 1072 stativorum

206 1095 444 1135 mutationes
496 1095 724 1135 venditante
771 1097 885 1144 duce,
934 1096 1059 1137 foedis
1113 1097 1363 1148 pactionibus
1415 1098 1602 1137 adversus

204 1173 447 1209 possessores
475 1174 656 1210 agrorum
687 1168 726 1199 et
755 1161 1002 1210 magistratus
1032 1161 1245 1210 civitatum,
1266 1163 1370 1200 adeo
1397 1161 1602 1201 minaciter

204 1231 247 1263 ut
281 1226 392 1263 Luco
423 1224 698 1275 (municipium
733 1224 775 1264 id
803 1225 1092 1265 Vocontiorum
1126 1227 1202 1277 est)
1234 1227 1338 1265 faces
1367 1225 1598 1273 admoverit,

203 1289 334 1327 donec
362 1290 531 1339 pecunia
561 1288 809 1339 mitigaretur.
869 1289 1052 1340 quotiens
1081 1289 1274 1340 pecuniae
1302 1289 1464 1329 materia
1491 1291 1601 1330 dees-

145 1370 186 1392 20
204 1360 274 1400 set,
297 1353 439 1404 stupris
459 1360 498 1392 et
518 1353 718 1393 adulteriis
740 1354 981 1393 exorabatur.
1041 1354 1096 1393 sic
1115 1355 1167 1394 ad
1184 1353 1298 1404 Alpis
1317 1361 1562 1404 perventum.

132 1414 186 1463 67
368 1419 461 1457 Plus
499 1419 667 1469 praedae
705 1432 750 1457 ac
789 1419 988 1469 sanguinis
1023 1418 1195 1460 Caecina
1228 1418 1368 1458 hausit.
1423 1418 1600 1458 inritave-

204 1490 289 1522 rant
327 1483 530 1522 turbidum
565 1482 767 1534 ingenium
806 1483 991 1530 Helvetii,
1034 1483 1185 1523 Gallica
1222 1495 1317 1533 gens
1355 1483 1451 1522 olim
1481 1482 1600 1522 armis

203 1548 382 1598 virisque,
426 1561 518 1586 mox
566 1549 756 1587 memoria
802 1549 974 1587 nominis
1028 1549 1141 1595 clara,
1182 1548 1233 1587 de
1281 1547 1404 1586 caede
1447 1547 1599 1586 Galbae

202 1611 324 1663 ignari
363 1620 402 1652 et
439 1611 587 1651 Vitellii
626 1612 832 1663 imperium
871 1613 1102 1651 abnuentes.
1178 1610 1332 1650 initium
1378 1611 1484 1651 bello
1527 1611 1599 1650 suit

165 1694 182 1726 5
202 1676 362 1715 avaritia
407 1690 453 1716 ac
498 1676 696 1716 festinatio
742 1676 1100 1716 unaetvicensimae
1147 1675 1311 1726 legionis
1326 1690 1337 1724 3
1389 1683 1599 1727 rapuerant

202 1742 411 1793 pecuniam
444 1742 604 1781 missam
637 1742 677 1781 in
712 1741 952 1794 stipendium
983 1741 1130 1781 castelli
1161 1742 1270 1792 quod
1299 1739 1394 1780 olim
1424 1740 1598 1780 Helvetii

202 1809 281 1848 suis
302 1807 490 1847 militibus
510 1821 556 1847 ac
579 1807 784 1859 stipendiis
806 1807 1025 1847 tuebantur.
1083 1820 1196 1857 aegre
1216 1806 1257 1845 id
1283 1806 1387 1857 passi
1408 1804 1595 1853 Helvetii,

202 1872 426 1923 interceptis
466 1873 653 1923 epistulis,
696 1886 797 1923 quae
835 1871 996 1910 nomine
1041 1869 1267 1911 Germanici
1308 1869 1499 1909 exercitus
1546 1869 1597 1908 ad

202 1935 450 1975 Pannonicas
499 1938 673 1987 legiones
721 1936 955 1983 ferebantur,
1001 1934 1271 1974 centurionem
1317 1940 1355 1972 et
1401 1933 1596 1983 quosdam
1650 1950 1654 1953 ⁴

146 2015 184 2037 10
202 2000 369 2039 militum
392 2000 430 2039 in
453 2000 633 2040 custodia
653 2000 884 2039 retinebant.
922 1998 1096 2040 Caecina
1111 1999 1203 2038 belli
1222 1997 1360 2037 avidus
1379 1996 1596 2048 proximam

201 2079 401 2117 quamque
442 2067 609 2116 culpam,
644 2072 856 2115 antequam
896 2064 1120 2115 paeniteret,
1162 2065 1289 2103 ultum
1333 2062 1441 2101 ibat:
1489 2069 1597 2101 mota

200 2181 221 2210 3
245 2170 372 2210 ignaris
392 2169 434 2199 M
541 2180 558 2208 7
583 2173 715 2200 vetusta
732 2168 772 2198 M
872 2169 892 2199 8
916 2168 1084 2199 viensium
1101 2166 1143 2197 M
1241 2177 1263 2207 9
1285 2165 1436 2206 auribus]
1459 2164 1596 2206 {saxuri·

200 2214 261 2244 bus
279 2212 320 2243 M
452 2222 490 2243 12
515 2211 794 2251 mutatioltionem
814 2210 851 2241 M
985 2221 1024 2251 14
1048 2210 1219 2251 agminine
1236 2209 1279 2240 M
1362 2208 1594 2240 vocantiorum

200 2256 249 2297 M,
270 2257 306 2287 z'n
324 2255 472 2295 margine
486 2256 576 2286 conti
597 2254 721 2285 addidit
736 2253 777 2284 M
788 2254 795 2272 ¹

246 2297 304 2341 67.
332 2309 346 2329 1
373 2301 395 2340 ᾗ
423 2298 564 2339 (repetita
586 2308 626 2329 ex
648 2297 752 2338 pdae)
771 2296 919 2328 Caecina
941 2297 1054 2328 hausit
1069 2297 1129 2328 M:
1153 2306 1215 2336 per
1232 2295 1415 2328 Caecinam
1437 2293 1594 2325 haustum

199 2343 326 2381 Mez'ser,
345 2341 455 2372 Halm
618 2351 638 2371 2
662 2340 787 2372 helveti
804 2340 847 2370 M
929 2340 1008 2371 olim
1025 2340 1212 2372 Rhenanus
1228 2351 1235 2371 ε
1258 2338 1355 2370 solim
1372 2337 1413 2368 M

201 2385 462 2417 unetvicesimae
479 2384 620 2415 Pz‘clzena
749 2385 776 2414 6
795 2383 959 2425 mislssam
978 2382 1020 2413 Μ
1104 2383 1138 2414 in
1155 2381 1362 2423 stipendium
1378 2378 1421 2410 M
1423 2377 1431 2397 ¹
1446 2389 1454 2413 ε
1477 2377 1512 2410 in
1529 2379 1587 2412 sti-

201 2429 327 2471 pendio
343 2429 384 2459 M
396 2440 403 2460 :
426 2428 563 2460 missam
580 2427 750 2471 stipendio
772 2427 844 2458 Van
863 2426 921 2458 der
938 2426 1019 2458 Vliet
