1748 2826
428 126 834 168 HISTORIARVM
865 127 1038 166 LIBER
1070 126 1135 165 ΙΙΙ
1437 129 1578 182 11148

98 238 340 289 fluentibus*
358 236 641 282 Cremonensis
670 238 810 291 proelii
841 240 1006 279 nuntius
1040 240 1080 279 in
1110 242 1295 292 Aegypto
1323 240 1504 292 adsequi-

96 313 171 346 tur.
237 317 288 345 eo
315 304 590 358 properantius
623 304 906 344 Alexandriam
941 304 1080 356 pergit,
1110 313 1154 345 ut
1182 307 1326 345 fractos
1356 305 1505 345 Vitellii

97 369 292 411 exercitus
334 371 556 421 urbemque
603 376 788 409 externae
836 369 923 420 opis
967 369 1144 421 indigam
1185 372 1290 410 fame
1337 378 1503 422 urgeret.

96 447 271 486 namque
297 441 337 475 et
365 434 554 483 Africam,
583 435 727 474 eodem
757 435 879 473 latere
908 434 1035 483 sitam,
1062 442 1164 474 terra
1193 435 1372 487 marique
1402 436 1505 476 inva-
1530 451 1567 485 ¹5

95 501 192 541 dere
223 500 400 552 parabat,
435 499 579 540 clausis
617 512 802 538 annonae
840 499 1027 539 subsidiis
1066 499 1243 552 inopiam
1283 514 1330 540 ac
1361 500 1506 540 discor-

96 565 206 606 diam
223 564 330 605 hosti
350 565 536 604 facturus.

261 631 371 669 Dum
397 630 473 669 hac
503 629 625 669 totius
652 629 760 670 orbis
790 630 998 670 nutatione
1027 631 1185 671 fortuna
1205 631 1359 683 imperii
1386 639 1508 672 trans·
1525 646 1584 685 49

94 694 137 745 it,
168 693 325 742 Primus
364 695 566 735 Antonius
605 709 860 747 nequaquam
899 695 983 747 pari
1022 696 1252 736 innocentia
1286 705 1375 749 post
1416 699 1506 738 Cre-

95 773 259 802 monam
291 761 447 812 agebat,
483 760 577 800 satis
608 762 758 800 factum
791 761 898 800 bello
932 768 1039 801 ratus
1074 769 1114 801 et
1147 770 1279 803 cetera
1312 777 1359 802 ex
1390 763 1506 810 facili,

95 839 167 866 seu
200 826 366 867 felicitas
404 826 446 866 in
479 826 548 866 tali
587 826 748 878 ingenio
786 827 991 867 avaritiam
1030 828 1257 879 superbiam
1297 836 1508 881 ceteraque

96 893 255 933 occulta
278 893 382 932 mala
408 892 605 944 patefecit.
666 900 709 932 ut
736 899 894 944 captam
920 893 1078 933 Italiam
1098 896 1325 945 persultare,
1349 902 1391 935 ut
1417 909 1506 935 suas
1527 908 1546 941 5

94 957 272 1010 legiones
291 959 423 998 colere
437 973 448 1007 ;
483 957 671 998 omnibus
701 958 818 998 dietis
844 958 1040 1010 factisque
1068 959 1172 998 viam
1194 959 1268 999 sibi
1293 961 1346 1000 ad
1371 968 1508 1012 poten-

95 1022 192 1063 tiam
220 1031 381 1064 struere.
439 1030 564 1075 utque
594 1023 755 1063 licentia
783 1024 951 1064 militem
981 1024 1179 1065 imbueret
1207 1025 1505 1066 interfectorum

95 1087 376 1129 centurionum
403 1088 566 1128 ordines
594 1087 819 1140 legionibus
843 1089 1045 1130 offerebat.
1105 1104 1155 1130 eo
1179 1091 1365 1143 suffragio
1390 1091 1508 1131 turbi-

95 1154 286 1194 dissimus
318 1153 490 1205 quisque
519 1153 664 1194 delecti
681 1167 693 1202 ;
725 1167 802 1194 nec
836 1154 948 1194 miles
980 1155 1020 1195 in
1050 1155 1213 1196 arbitrio
1241 1158 1404 1206 ducum,
1436 1159 1507 1198 sed

87 1219 221 1259 duces
251 1217 409 1259 militari
442 1218 633 1258 violentia
666 1219 935 1259 trahebantur.
995 1233 1100 1271 quae
1132 1221 1322 1262 seditiosa
1356 1229 1395 1262 et
1427 1235 1509 1262 cor·
1531 1243 1568 1266 10

91 1284 342 1336 rumpendae
373 1283 610 1336 disciplinae
644 1297 739 1324 mox
777 1284 817 1323 in
855 1286 1045 1336 praedam
1077 1288 1267 1336 vertebat,
1304 1288 1402 1327 nihil
1442 1290 1508 1328 ad-

95 1355 324 1390 ventantem
349 1348 586 1389 Mucianum
612 1348 768 1397 veritus,
799 1351 910 1401 quod
940 1350 1142 1391 exitiosius
1171 1359 1252 1392 erat
1283 1366 1403 1404 quam
1432 1356 1508 1393 Ve-

95 1414 325 1467 spasianum
345 1415 550 1466 sprevisse.

259 1480 450 1522 Ceterum
488 1480 715 1532 propinqua
753 1480 886 1521 hieme
920 1489 959 1521 et
991 1484 1222 1524 umentibus
1259 1485 1370 1524 Pado
1404 1498 1581 1538 cam-50

95 1546 156 1598 pis
184 1545 416 1598 expeditum
444 1558 590 1597 agmen
620 1545 820 1586 incedere.
879 1547 991 1598 signa
1020 1548 1258 1600 aquilaeque
1286 1549 1505 1589 victricium

94 1610 310 1663 legionum,
338 1610 484 1651 milites
503 1611 734 1652 vulneribus
761 1620 831 1652 aut
854 1620 985 1653 aetate
1008 1627 1156 1665 graves,
1179 1615 1358 1667 plerique
1387 1615 1504 1655 etiam

96 1675 237 1729 integri
255 1677 443 1716 Veronae
465 1675 590 1716 relicti
608 1691 616 1716 ε
647 1677 826 1717 sufficere
852 1679 1037 1718 cohortes
1058 1681 1225 1731 alaeque
1245 1687 1284 1720 et
1304 1694 1326 1720 e
1345 1680 1504 1732 legioni-

95 1742 173 1783 bus
203 1741 297 1783 lecti
329 1740 538 1793 profligato
579 1741 660 1781 iam
698 1743 804 1782 bello
843 1743 1091 1784 videbantur.
1151 1745 1364 1785 undecima
1403 1746 1506 1797 legio
1529 1761 1546 1794 5

96 1820 184 1848 sese
220 1806 465 1855 adiunxerat,
505 1805 621 1848 initio
657 1814 854 1856 cunctata,
895 1810 967 1848 sed
1005 1810 1202 1861 prosperis
1236 1811 1354 1851 rebus
1391 1811 1508 1851 anxia

92 1873 208 1925 quod
225 1872 416 1913 defuisset
429 1876 441 1922 ς’
474 1885 544 1912 sex
569 1871 679 1912 milia
708 1874 997 1922 Dalmatarum,
1020 1888 1158 1915 recens
1184 1876 1364 1925 dilectus,
1386 1877 1508 1917 comi-

94 1938 308 1988 tabantur;
338 1938 514 1980 ducebat
545 1937 763 1989 Pompeius
798 1937 984 1978 Silvanus
1014 1940 1233 1980 consularis
1248 1956 1260 1990 3
1292 1941 1351 1981 vis
1379 1942 1507 1982 consi-

94 2002 239 2043 liorum
258 2015 383 2055 penes
408 2001 591 2042 Annium
613 2003 781 2042 Bassum
809 2003 976 2053 legionis
996 2005 1181 2055 legatum.
1242 2005 1274 2045 is
1301 2007 1506 2047 Silvanum

95 2068 307 2108 socordem
338 2067 445 2107 bello
478 2074 519 2108 et
553 2066 641 2107 dies
673 2081 804 2106 rerum
836 2068 966 2108 verbis
1001 2077 1195 2110 terentem
1229 2072 1363 2123 specie
1394 2073 1507 2113 obse-
1531 2087 1570 2110 ιο

90 2131 179 2184 quii
217 2131 379 2184 regebat
416 2133 469 2172 ad
502 2132 718 2183 omniaque
753 2146 856 2183 quae
893 2136 1050 2186 agenda
1080 2137 1209 2176 forent
1240 2137 1375 2188 quieta
1413 2151 1505 2178 cum

100 2243 139 2275 13
162 2233 290 2266 fractos
306 2233 451 2267 Mei-ser:
474 2235 582 2267 fracto
599 2234 658 2268 M:
684 2235 790 2268 fracto
805 2260 814 2269 .
834 2261 842 2269 .
862 2261 870 2271 .
890 2239 1043 2271 exercitu
1059 2238 1135 2272 dett.
1308 2250 1346 2281 14
1371 2241 1505 2273 urbem-

96 2277 182 2320 que]
198 2277 317 2309 urbem
334 2287 470 2318 quoque
485 2277 547 2311 det.
565 2289 574 2309 τ
598 2278 728 2311 Italiam
745 2280 933 2321 urbemque
948 2282 1056 2314 Ritter

140 2327 208 2364 49.
237 2331 253 2352 1
278 2321 359 2353 dum
374 2330 414 2354 ac
430 2320 476 2359 M
611 2323 634 2354 6
656 2322 744 2354 viam
761 2323 917 2365 Lspsius:
944 2325 1020 2368 vim!
1040 2326 1082 2357 M
1166 2326 1226 2369 ad]
1244 2337 1283 2358 ac
1299 2328 1319 2359 b

140 2370 205 2407 50.
234 2374 272 2401 u
297 2365 420 2405 adom,
437 2364 479 2398 M
486 2375 497 2400 ς
519 2369 553 2397 et
570 2366 613 2398 ad
630 2366 744 2399 omnia
760 2366 871 2400 Halm
888 2380 896 2401 ε
920 2374 1024 2410 atque
1045 2370 1087 2402 ad
1103 2371 1218 2402 omnia
1235 2371 1378 2404 malebat
1394 2372 1505 2405 Veress
