1748 2826
468 159 875 213 HISTORIARVM
907 162 1081 201 LIBER
1112 163 1155 201 II
1468 162 1511 201 11
1531 167 1579 210 77

105 272 245 314 liorem
263 273 306 313 in
332 273 439 314 bello
457 287 619 314 causam
640 287 762 326 quam
788 273 829 313 in
856 287 956 326 pace
982 274 1178 313 habemus
1191 288 1202 323 3
1236 287 1329 312 nam
1350 272 1419 324 qui
1449 273 1515 312 de-

105 339 285 390 liberant,
307 338 585 380 desciverunt.’

249 406 364 446 ‚Post
413 405 595 445 Muciani
647 404 869 445 orationem
921 404 1041 445 ceteri
1092 404 1306 445 audentius
1350 403 1514 443 circum·
1532 404 1586 454 78

102 469 250 519 sistere,
290 470 449 519 hortari,
490 485 681 523 responsa
718 479 853 511 vatum
895 479 934 511 et
973 470 1148 511 siderum
1188 478 1320 510 motus
1358 471 1514 509 referre.

101 549 179 577 nec
203 543 286 577 erat
311 535 484 577 intactus
517 537 585 577 tali
618 537 910 590 superstitione,
940 545 984 576 ut
1010 536 1079 588 qui
1108 550 1202 576 mox
1230 550 1361 576 rerum
1388 534 1515 575 domi-

102 615 179 643 nus
201 603 413 643 Seleucum
433 604 638 654 quendam
661 602 989 643 mathematicum
1016 610 1211 642 rectorem
1231 609 1271 642 et
1290 600 1513 654 praescium

101 667 234 719 palam
259 667 453 709 habuerit.
513 669 770 709 recursabant
794 668 931 708 animo
951 676 1085 708 vetera
1113 667 1273 709 omina:
1302 680 1513 719 cupressus
1531 683 1551 717 5

100 731 219 773 arbor
250 731 293 774 in
327 733 430 785 agris
463 733 549 774 eius
587 734 806 786 conspicua
842 733 1054 774 altitudine
1087 741 1251 785 repente
1288 732 1513 784 prociderat

100 811 149 839 ac
185 806 344 852 postera
380 799 448 840 die
485 801 631 841 eodem
669 799 836 852 vestigio
874 813 1080 851 resurgens
1119 813 1284 851 procera
1321 806 1360 839 et
1398 798 1514 839 latior

100 863 263 905 virebat.
320 866 471 917 grande
508 865 551 906 id
585 879 902 918 prosperumque
939 879 1140 906 consensu
1178 864 1434 917 haruspicum
1473 871 1514 904 et

101 943 259 970 summa
290 930 488 971 claritudo
514 930 648 972 iuveni
676 933 899 972 admodum
922 931 1173 983 Vespasiano
1203 929 1408 982 promissa,
1441 931 1514 970 sed

100 995 231 1048 primo
262 995 517 1048 triumphalia
546 1004 587 1037 et
618 999 849 1037 consulatus
883 1004 923 1037 et
954 997 1144 1037 Iudaicae
1172 996 1360 1037 victoriae
1388 998 1513 1037 decus
1535 1013 1577 1037 ιο

100 1061 290 1114 implesse
319 1062 446 1103 fidem
474 1061 622 1103 ominis
649 1062 883 1103 videbatur:
921 1070 966 1102 ut
996 1064 1096 1102 haec
1124 1064 1294 1115 adeptus
1323 1069 1394 1111 est,
1426 1076 1514 1114 por-

100 1126 214 1168 tendi
233 1126 309 1167 sibi
334 1127 548 1180 imperium
574 1129 774 1169 credebat.
833 1135 894 1168 est
923 1130 1117 1169 Iudaeam
1147 1128 1250 1168 inter
1278 1127 1513 1180 Syriamque

100 1192 309 1235 Carmelus
327 1207 335 1233 :
364 1192 421 1233 ita
439 1201 585 1234 vocant
603 1201 784 1234 montem
803 1195 1018 1246 deumque.
1059 1208 1136 1234 nec
1156 1194 1412 1234 simulacrum
1433 1195 1512 1235 deo

98 1265 168 1299 aut
186 1258 496 1311 templum—sic
514 1259 713 1300 tradidere
732 1259 980 1300 maiores—:
1009 1273 1078 1299 ara
1100 1266 1256 1299 tantum
1276 1267 1316 1299 et
1336 1273 1512 1300 reveren-

98 1323 164 1365 tia.
221 1322 304 1365 illic
341 1324 580 1366 sacrificanti
613 1325 874 1378 Vespasiano,
911 1340 1005 1365 cum
1044 1339 1134 1377 spes
1177 1327 1355 1365 occultas
1385 1339 1512 1366 versa·
1532 1340 1571 1375 15

98 1396 158 1430 ret
180 1389 329 1440 animo,
352 1390 548 1432 Basilides
578 1392 765 1432 sacerdos
794 1391 984 1443 inspectis
1011 1390 1233 1431 identidem
1259 1390 1358 1431 extis
1382 1391 1512 1443 ‘quic-

98 1455 198 1509 quid
230 1457 314 1498 est’
343 1456 488 1509 inquit,
522 1457 802 1509 ‘Vespasiane,
838 1459 949 1510 quod
983 1471 1109 1509 paraS,
1142 1470 1214 1496 seu
1247 1458 1415 1497 domum
1450 1471 1511 1496 ex-

98 1529 229 1562 truere
260 1534 332 1563 seu
364 1524 562 1575 prolatare
593 1537 709 1576 agros
747 1523 829 1563 sive
862 1523 1053 1575 ampliare
1087 1522 1254 1572 servitia,
1289 1524 1406 1563 datur
1439 1522 1513 1562 tibi

99 1601 244 1640 magna
271 1589 399 1638 sedes,
420 1587 604 1641 ingentes
632 1589 802 1638 termini,
832 1591 1004 1629 multum
1033 1589 1269 1629 hominum.'
1326 1590 1397 1628 has
1430 1602 1512 1628 am-

98 1654 220 1708 bages
243 1662 284 1696 et
308 1654 442 1696 statim
472 1663 682 1709 exceperat
706 1657 813 1696 fama
840 1664 880 1696 et
906 1664 1002 1696 tunc
1030 1655 1260 1708 aperiebat3
1299 1669 1375 1695 nec
1405 1654 1512 1706 quic·
1534 1669 1575 1693 20

99 1734 221 1773 quam
250 1721 374 1774 magis
403 1721 446 1761 in
473 1736 542 1763 ore
570 1721 689 1774 vulgi.
746 1721 964 1762 crebriores
993 1722 1102 1773 apud
1131 1721 1263 1773 ipsum
1293 1734 1509 1768 sermones,

98 1794 252 1838 quanto
279 1787 531 1839 sperantibus
559 1789 674 1840 plura
697 1787 897 1828 dicuntur.
956 1788 1066 1827 haud
1093 1786 1216 1827 dubia
1242 1785 1512 1827 destinatione

98 1850 316 1893 discessere
363 1853 579 1894 Mucianus
618 1853 888 1903 Antiochiam,
929 1852 1202 1906 Vespasianus
1245 1853 1511 1894 Caesaream:

97 1917 166 1959 illa
192 1918 338 1971 Syriae,
370 1921 450 1961 hoc
479 1921 655 1961 Iudaeae
684 1928 805 1972 caput
834 1927 904 1960 est.

262 1985 428 2026 Initium
462 1986 614 2027 ferendi
647 1987 700 2026 ad
729 1986 1022 2038 Vespasianum
1056 1985 1211 2038 imperii
1244 1984 1511 2024 Alexandriae
1530 1992 1585 2031 79

97 2056 314 2104 coeptum,
337 2051 550 2093 festinante
592 2051 758 2092 Tiberio
794 2053 1036 2101 Alexandro,
1073 2051 1141 2103 qui
1180 2050 1362 2091 kalendis
1397 2050 1510 2091 Iuliis

142 2153 200 2197 78.
231 2165 246 2188 1
271 2155 461 2189 audientius
482 2153 564 2188 Ml:
599 2156 810 2189 audientium
835 2156 877 2187 M
1021 2167 1042 2197 3
1061 2159 1138 2198 post
1157 2155 1407 2196 superstitione
1428 2154 1507 2188 add.

98 2198 332 2240 Vespasianus
348 2199 468 2234 Nova'k
608 2211 629 2241 5
651 2202 769 2233 omina
785 2200 996 2233 Rhenanus:
1018 2201 1132 2233 omnia
1148 2199 1199 2240 M,
1217 2200 1371 2232 Heraeus
1388 2200 1510 2241 (1904)

97 2252 216 2285 errore,
234 2246 274 2276 ut
286 2242 425 2284 videtur,
445 2244 673 2287 typographico
818 2255 836 2285 7
861 2244 982 2277 laetior
1004 2244 1119 2276 Triller
1264 2254 1306 2276 10
1331 2243 1510 2275 Iudaeicae

97 2285 142 2318 M
271 2307 275 2311 -
301 2296 340 2319 11
366 2287 517 2321 hominis
533 2287 576 2320 M
661 2288 864 2321 videbantur
878 2289 966 2330 dett„
984 2288 1095 2320 Halm
1262 2297 1302 2318 12
1326 2287 1395 2329 est]
1421 2292 1456 2319 et
1472 2286 1513 2319 M

100 2339 142 2370 14
164 2330 328 2372 templum
344 2331 446 2364 situm
464 2338 487 2365 t.
506 2333 674 2372 maiores;
698 2343 790 2364 aram
808 2357 816 2366 .
837 2357 844 2365 .
865 2358 872 2366 .
890 2333 1118 2365 reverentiam
1135 2331 1311 2375 szontim‘
1367 2341 1426 2363 ara
1443 2355 1451 2363 .
1473 2355 1480 2363 .
1498 2353 1506 2363 .

97 2374 291 2407 reverentia
314 2375 497 2418 Agricola:
529 2387 620 2409 aram
640 2401 646 2409 .
670 2401 677 2409 .
695 2400 702 2409 .
724 2377 954 2409 reverentiam
980 2376 1021 2408 M

142 2423 204 2460 79.
231 2427 246 2449 1
271 2419 531 2462 &vespasianum
549 2419 590 2451 M
