1748 2826
459 132 866 173 HISTORIARVM
899 132 1071 171 LIBER
1103 133 1162 171 IV
1457 133 1514 171 IV
1537 141 1584 170 10

103 243 176 285 sed
201 241 289 285 vilis
316 249 358 285 et
385 255 538 284 nocens
567 255 655 283 reus
683 243 835 295 protegi
863 256 945 283 non
975 251 1158 295 poterat:
1197 245 1346 296 quippe
1375 244 1514 283 Sorani

102 316 241 350 sancta
273 308 491 359 memoria3
531 307 650 350 Celer
680 309 881 360 professus
913 309 1161 360 sapientiam,
1199 308 1293 349 dein
1328 309 1439 349 testis
1474 308 1514 348 in
1540 321 1557 353 5

103 377 282 424 Baream,
330 374 513 427 proditor
557 380 846 426 corruptorque
892 373 1092 414 amicitiae
1139 373 1252 414 cuius
1300 387 1342 413 se
1395 373 1515 425 magi·

102 447 228 480 strum
265 440 428 481 ferebat.
497 439 699 492 proximus
737 439 824 479 dies
859 452 1002 479 causae
1036 441 1282 488 destinatur;
1323 435 1398 479 nec
1433 447 1514 478 tam

102 503 315 545 Musonius
345 511 416 545 aut
447 505 614 545 Publius
646 517 768 556 quam
801 503 958 544 Priscus
985 512 1025 544 et
1053 505 1270 544 Marcellus
1299 504 1512 555 ceterique,

101 568 221 610 motis
248 570 302 610 ad
330 571 526 611 ultionem
555 569 711 619 animis,
742 569 1064 621 expectabantur.

191 629 194 630 ⁷
263 635 353 675 Tali
398 648 529 676 rerum
577 643 693 685 statu,
740 647 834 675 cum
875 634 1076 675 discordia
1118 635 1221 675 inter
1268 642 1411 687 patres,
1460 635 1516 674 ira
1538 643 1574 670 11

99 700 210 751 apud
242 699 381 748 victos,
414 701 525 740 nulla
562 699 604 739 in
642 699 859 740 victoribus
892 702 1116 749 auctoritas,
1152 713 1236 741 non
1275 701 1393 752 leges,
1431 712 1512 739 non
1601 701 1606 705 '

99 762 285 817 princeps
312 765 354 805 in
383 765 542 806 civitate
566 773 709 814 essent,
738 765 952 805 Mucianus
980 766 1121 806 urbem
1148 765 1347 818 ingressus
1368 772 1514 805 cuneta

100 830 219 870 simul
238 830 280 870 in
300 843 343 871 se
362 830 488 870 traxit.
539 831 661 870 fracta
681 829 801 869 Primi
822 830 989 870 Antonii
1004 830 1181 882 Varique
1196 830 1299 870 Arrii
1320 832 1510 882 potentia,

99 895 205 936 male
231 893 481 936 dissimulata
509 894 550 934 in
580 908 650 934 eos
678 894 858 934 Muciani
882 894 1097 944 iracundia,
1120 895 1302 947 quamvis
1328 896 1441 935 vultu
1461 903 1516 935 te-
1538 908 1555 940 5

99 967 268 1012 geretur.
323 961 396 1001 sed
421 959 559 1000 civitas
589 959 780 1000 rimandis
804 959 964 1000 offensis
988 973 1106 1011 sagax
1130 967 1298 1001 verterat
1322 972 1366 1000 se
1394 967 1515 1000 trans-

100 1016 348 1079 tuleratque:
396 1025 463 1067 ille
500 1039 605 1066 unus
643 1025 796 1075 ambiri,
830 1026 918 1066 coli.
977 1038 1052 1066 nec
1091 1026 1228 1066 deerat
1266 1025 1363 1077 ipse,
1399 1025 1516 1077 stipa-

100 1098 164 1131 tus
201 1089 364 1131 armatis
401 1091 547 1132 domos
585 1092 803 1142 hortosque
841 1098 1082 1143 permutans,
1123 1097 1315 1143 apparatu
1355 1091 1513 1132 incessu

100 1155 278 1211 excubiis
301 1155 396 1196 vim·
411 1155 600 1209 principis
626 1156 825 1208 amplecti,
852 1170 1001 1196 nomen
1025 1156 1235 1197 remittere.
1295 1155 1512 1208 plurimum

99 1221 256 1262 terroris
287 1220 420 1261 intulit
452 1222 598 1262 caedes
629 1221 835 1274 Calpurnii
867 1221 1077 1262 Galeriani.
1135 1221 1168 1261 is
1196 1220 1271 1262 fuit
1301 1220 1405 1261 filius
1437 1221 1512 1262 Gai
1535 1237 1576 1261 10

101 1285 270 1335 Pisonis,
301 1285 402 1326 nihil
429 1299 574 1327 ausus:
608 1289 680 1327 sed
708 1300 858 1327 nomen
887 1286 1041 1339 insigne
1068 1295 1108 1328 et
1133 1288 1282 1328 decora
1308 1286 1430 1339 ipsius
1460 1288 1514 1326 iu-

100 1359 219 1392 venta
243 1364 403 1393 rumore
428 1352 536 1405 vulgi
562 1352 877 1401 celebrabantur,
904 1360 1097 1404 erantque
1124 1352 1165 1392 in
1193 1351 1352 1392 civitate
1380 1353 1514 1392 adhuc

99 1415 259 1457 turbida
287 1423 327 1457 et
355 1415 471 1457 novis
507 1416 762 1457 sermonibus
790 1419 894 1457 laeta
921 1417 990 1469 qui
1019 1417 1264 1470 principatus
1294 1417 1453 1457 inanem
1478 1417 1514 1457 ei

100 1483 248 1522 famam
266 1481 572 1523 circumdarent.
631 1482 740 1522 iussu
761 1482 942 1522 Muciani
962 1483 1146 1523 custodia
1166 1482 1324 1522 militari
1345 1482 1511 1530 cinctus,

99 1561 152 1589 ne
179 1547 339 1601 inipsa
365 1547 468 1589 urbe
496 1547 749 1600 conspectior
779 1561 885 1588 mors
915 1549 1027 1597 foret,
1051 1549 1105 1588 ad
1133 1547 1512 1600 quadragensimum
1536 1565 1574 1598 15

99 1616 151 1656 ab
177 1615 277 1655 urbe
302 1606 481 1666 lapidem
507 1614 641 1666 Appia
664 1614 727 1654 via
754 1616 844 1654 fuso
870 1627 940 1666 per
959 1627 1081 1654 venas
1110 1615 1302 1666 sanguine
1322 1613 1513 1666 extingui-

99 1687 173 1721 tur.
232 1678 359 1720 Iulius
379 1678 537 1720 Priscus
561 1679 846 1731 praetoriarum
867 1680 943 1719 sub
963 1679 1126 1720 Vitellio
1154 1681 1379 1719 cohortium
1404 1692 1513 1731 prae-

99 1746 227 1786 fectus
253 1758 297 1786 se
322 1746 409 1798 ipse
434 1745 642 1794 interfecit,
665 1747 818 1797 pudore
844 1745 971 1797 magis
998 1758 1118 1796 quam
1141 1744 1390 1785 necessitate.
1447 1746 1513 1784 Al—

99 1813 215 1853 fenus
239 1813 368 1851 Varus
403 1810 582 1863 ignaviae
616 1811 884 1863 infamiaeque
919 1825 1013 1851 suae
1048 1811 1251 1863 superfuit.
1312 1809 1513 1851 Asiaticus

100 1877 151 1931 (is
170 1875 278 1917 enim
297 1876 480 1931 libertus)
500 1877 644 1916 malam
665 1878 885 1928 potentiam
907 1876 1035 1916 servili
1055 1876 1251 1929 supplicio
1268 1875 1454 1928 expiavit.
1533 1890 1575 1913 20

264 1942 401 1982 Isdem
446 1940 589 1982 diebus
628 1941 944 1981 crebrescentem
990 1941 1116 1982 cladis
1156 1941 1421 1982 Germanicae
1458 1941 1511 1981 fa·
1531 1950 1575 1978 12

59 2030 62 2032 -
100 2019 208 2046 mam
228 2018 484 2058 nequaquam
512 2014 664 2046 maesta
690 2006 827 2046 civitas
859 2004 1109 2058 excipiebat;
1138 2020 1276 2048 caesos
1304 2006 1509 2056 exercitus,

99 2109 123 2142 6
144 2110 241 2143 cuius
256 2132 265 2142 .
283 2133 292 2142 .
311 2132 320 2141 .
338 2109 469 2142 ferebat
480 2113 558 2152 post
572 2109 717 2142 Baream
729 2110 872 2152 ponebat
884 2109 1012 2142 Urlichs
1022 2110 1183 2151 probante
1199 2111 1380 2153 Nipperdey
1490 2122 1512 2152 9

100 2154 144 2186 ad
159 2153 326 2186 ultionem
342 2151 497 2196 Lipsius:
520 2153 750 2186 adulationem
767 2154 824 2185 M1
841 2165 848 2185 :
871 2153 1121 2186 adulationibus
1137 2154 1181 2187 M

144 2203 188 2229 11.
215 2207 231 2229 1
256 2201 372 2238 partes
387 2197 432 2229 M
577 2206 599 2237 3
622 2201 716 2230 esset
734 2196 910 2229 Gudeman
1069 2208 1088 2238 7
1112 2197 1248 2239 stipatis
1264 2197 1308 2230 M
1471 2209 1511 2230 ιο

101 2241 223 2274 cedem
238 2240 283 2273 M
414 2250 452 2273 11
478 2240 585 2283 ipsius
600 2240 651 2274 ed.
666 2239 856 2283 Spirensis:
880 2241 944 2282 ipsi
961 2241 1005 2274 M
1136 2251 1176 2282 13
1200 2241 1252 2284 et]
1269 2242 1300 2274 ei
1317 2241 1360 2274 M
1467 2252 1510 2274 20

100 2284 131 2316 is
153 2284 245 2317 enim
260 2283 457 2318 Doderlein:
490 2285 583 2317 enim
607 2285 636 2316 is
652 2284 709 2317 M:
747 2284 873 2317 etenim
889 2285 918 2317 is
934 2284 1082 2317 Ernesti:
1118 2285 1149 2317 is
1164 2296 1231 2318 om.
1250 2285 1298 2318 ed.
1316 2285 1507 2327 Spirensis:

102 2328 194 2360 enim
209 2326 280 2362 secl.
295 2327 497 2371 Nipperdey:
523 2329 552 2360 is
576 2328 719 2361 libertus
743 2328 814 2361 secl.
831 2327 957 2361 Ritter:
988 2328 1161 2361 Asiaticus
1178 2329 1269 2361 enim
1286 2328 1331 2370 (is
1348 2329 1507 2370 libertus)

101 2371 254 2406 dtsh'nxit
267 2371 486 2415 Puteolanus,
501 2373 657 2414 glossam
672 2373 865 2414 suspicatur
876 2372 1014 2405 Ernesti
