1748 2826
172 119 232 165 IV
253 129 305 168 35
698 121 972 161 CORNELII
1001 123 1197 163 TACITI

257 245 334 271 nox
355 232 564 272 dirimeret.
624 234 806 273 cohortes
827 234 1051 273 Geldubam
1079 248 1292 285 perrexere,
1315 235 1578 284 manentibus,
1599 241 1645 274 u't

256 298 418 344 fuerant,
452 297 598 345 castris,
634 310 735 348 quae
774 297 996 338 relictorum
1035 298 1112 338 illic
1152 301 1320 339 militum
1358 299 1556 352 praesidio
1591 306 1646 340 te-

256 361 462 401 nebantur.
520 375 602 401 non
629 370 710 401 erat
736 361 903 401 dubium
930 370 1122 413 quantum
1142 362 1184 402 in
1203 376 1381 414 regressu
1407 362 1646 403 discriminis

256 426 488 466 adeundum
517 427 616 466 foret
643 426 991 467 frumentatoribus
1017 426 1169 466 onustis
1195 428 1475 479 perculsisque.
1532 427 1646 468 addit

198 503 234 536 15
255 490 441 530 exercitui
462 504 534 530 suo
554 493 709 531 Vocula
736 491 842 531 mille
868 493 1043 531 delectos
1068 506 1090 531 e
1114 491 1252 542 quinta
1272 500 1311 532 et
1330 492 1469 543 quinta
1487 493 1646 533 decima

256 554 477 606 legionibus
503 556 610 606 apud
630 558 775 595 Vetera
803 555 985 604 obsessis,
1015 555 1254 596 indomitum
1281 556 1446 598 militem
1474 563 1515 598 et
1537 556 1646 598 duci-

256 619 331 659 bus
360 619 568 660 infensum.
626 621 756 671 plures
790 633 909 671 quam
943 620 1092 660 iussum
1126 629 1207 661 erat
1237 621 1404 672 profecti
1439 623 1571 674 palam
1603 621 1646 662 in

256 684 413 735 agmine
446 686 677 733 fremebant,
713 699 796 725 non
826 699 868 725 se
901 687 1010 725 ultra·
1032 687 1190 735 famem,
1226 685 1389 727 insidias
1426 688 1645 738 legatorum

255 750 510 789 toleraturos:
550 757 590 788 at
627 749 696 800 qui
736 759 1012 798 remanserant,
1049 752 1224 791 desertos
1257 763 1300 791 se
1329 751 1503 792 abducta
1535 759 1645 803 parte

196 833 237 856 20
255 813 458 864 legionum
489 815 762 865 querebantur.
821 817 968 867 duplex
999 815 1092 855 hinc
1126 815 1279 865 seditio,
1313 815 1398 856 aliis
1431 818 1647 859 revocanti-

257 879 331 919 bus
349 881 558 928 Voculam,
580 879 666 920 aliis
685 880 811 920 redire
832 880 873 919 in
891 888 1019 920 castra
1037 881 1315 921 abnuentibus.

180 951 237 999 36
418 944 583 984 Interim
611 944 746 986 Civilis
765 947 911 985 Vetera
936 945 1211 986 circumsedit:
1239 947 1396 986 Vocula
1417 946 1646 986 Geldubam

255 1016 376 1060 atque
413 1009 508 1050 inde
547 1009 790 1050 Novaesium
820 1010 1027 1060 concessit,
1069 1009 1223 1064 [Civilis
1255 1010 1362 1062 capit
1398 1009 1645 1064 Geldubam]

256 1087 348 1113 mox
405 1075 513 1115 haud
570 1076 708 1126 procul
766 1075 966 1115 Novaesio
1022 1074 1194 1126 equestri
1252 1074 1404 1126 proelio
1439 1087 1646 1128 *prospere

256 1138 428 1178 certavit.
487 1140 558 1179 sed
588 1139 700 1179 miles
730 1139 914 1180 secundis
942 1139 1195 1190 adversisque
1224 1139 1390 1190 perinde
1412 1138 1457 1179 >in
1485 1138 1646 1179 exitium

220 1219 238 1251 5
257 1204 406 1242 ducum
426 1204 741 1252 accendebatur,
773 1211 812 1243 et
838 1205 1011 1243 adventu
1037 1203 1319 1255 quintanorum
1338 1202 1647 1255 quintadecima-

259 1280 481 1319 norumque
518 1275 657 1307 auctae
694 1268 869 1319 legiones
906 1270 1139 1308 donativum
1176 1275 1406 1319 exposcunt,
1441 1276 1647 1320 comperto

259 1331 468 1383 pecuniam
495 1346 518 1371 a
538 1332 698 1372 Vitellio
726 1332 896 1371 missam.
953 1346 1028 1372 nec
1054 1332 1123 1372 diu
1149 1340 1358 1375 cunctatus
1386 1331 1646 1373 Hordeonius

258 1398 420 1437 nomine
453 1396 684 1447 Vespasiani
724 1397 845 1446 dedit,
882 1398 1002 1448 idque
1038 1396 1293 1448 praecipuum
1331 1395 1404 1436 fuit
1442 1395 1647 1436 seditionis

256 1463 497 1501 alimentum.
558 1461 669 1500 effusi
697 1461 738 1500 in
764 1463 898 1501 luxum
919 1469 958 1501 et
979 1463 1114 1512 epulas
1134 1468 1173 1501 et
1192 1468 1407 1501 nocturnos
1426 1467 1565 1500 coetus
1584 1474 1647 1500 ve-

198 1540 238 1564 10
256 1534 379 1566 terem
405 1525 446 1565 in
471 1526 753 1566 Hordeonium
781 1526 878 1565 iram
907 1535 1108 1575 renovant,
1130 1539 1204 1565 nec
1230 1527 1312 1565 ullo
1340 1527 1556 1577 legatorum
1585 1525 1646 1564 tri-

256 1591 504 1630 bunorumve
525 1590 716 1630 obsistere
742 1605 840 1631 auso
861 1591 1025 1643 (quippe
1051 1604 1211 1630 omnem
1239 1591 1433 1641 pudorem
1459 1602 1539 1629 nox
1556 1590 1647 1629 ade-

258 1655 399 1705 merat>
414 1663 654 1706 protractum
677 1669 698 1694 e
718 1655 839 1695 cubili
855 1655 1106 1695 interficiunt.
1162 1655 1302 1694 eadem
1318 1653 1359 1693 in
1373 1655 1567 1694 Voculam
1583 1666 1647 1705 pa-

258 1721 453 1767 rabantur,
476 1719 551 1759 nisi
572 1719 701 1759 servili
721 1721 859 1759 habitu
878 1734 948 1771 per
963 1720 1144 1759 tenebras
1164 1718 1364 1770 ignoratus
1381 1717 1577 1758 evasisset.

188 1787 238 1827 37
419 1785 498 1824 Vbi
526 1787 664 1825 sedato
691 1785 842 1836 impetu
869 1793 997 1825 metus
1023 1784 1149 1833 rediit,
1171 1782 1424 1823 centuriones
1450 1795 1543 1822 cum
1568 1780 1648 1833 epi-

259 1849 370 1889 stulis
397 1851 449 1889 ad
478 1849 654 1889 civitates
682 1849 898 1889 Galliarum
926 1850 1082 1897 misere,
1100 1847 1243 1887 auxilia
1269 1860 1315 1886 ac
1342 1844 1540 1897 stipendia
1564 1854 1647 1884 ora-

260 1921 390 1954 turos:
424 1913 509 1964 ipsi,
538 1921 581 1952 ut
615 1920 673 1952 est
701 1914 839 1964 vulgus
868 1912 952 1953 sine
978 1919 1128 1952 rectore
1157 1923 1343 1962 praeceps
1371 1908 1560 1960 pavidum
1587 1921 1648 1948 so-

302 2025 362 2059 35.
390 2028 426 2056 14
452 2018 642 2049 adeundem
659 2017 702 2048 M
797 2015 1061 2048 frumentoribus
1077 2015 1120 2046 M
1217 2013 1453 2054 perculsisque
1468 2009 1647 2053 Agricola:

260 2060 489 2102 periculisque
514 2060 556 2092 M
754 2070 794 2100 19
818 2064 1026 2092 remanserat
1053 2058 1101 2097 M,
1131 2067 1211 2089 corr.
1244 2055 1302 2088 Ml
1422 2053 1478 2096 se]
1495 2062 1560 2094 que
1586 2053 1644 2085 M:

258 2106 414 2136 desertos
436 2103 505 2135 sine
524 2114 562 2135 se
582 2102 752 2145 Gantrelle,
777 2103 844 2136 coll.
865 2103 912 2136 A.
931 2103 951 2135 i.
969 2111 1031 2143 35:
1067 2102 1223 2134 desertos
1246 2110 1284 2132 se
1309 2099 1530 2140 proditosque
1547 2094 1646 2131 Weas·

257 2147 411 2187 senborn,
429 2146 581 2178 Heraeus

303 2189 366 2230 36.
394 2200 407 2221 1
434 2189 588 2230 interim]
606 2190 725 2221 iterum
743 2189 928 2230 Nipperdey,
948 2188 1071 2220 Mssller
1234 2197 1254 2217 2
1278 2185 1397 2218 Civilis
1412 2183 1503 2225 capit
1519 2181 1646 2215 Geldu-

258 2234 334 2265 bam
348 2233 416 2264 secl.
440 2232 565 2264 Urlichs
720 2243 741 2272 3
764 2233 890 2264 Vocula
903 2234 980 2273 post
992 2242 1070 2264 mox
1085 2230 1160 2263 add.
1183 2229 1366 2269 Gutmann,
1385 2229 1563 2264 Romanus
1572 2228 1649 2272 post

259 2276 387 2318 proelio
402 2275 510 2307 Ritter
595 2275 795 2317 inprospere
816 2274 1039 2308 Weissenborn
1213 2284 1232 2312 4
1257 2272 1401 2313 proinde
1416 2270 1460 2303 M
1624 2276 1647 2309 5

259 2321 439 2353 adventum
456 2319 504 2358 M,
523 2329 599 2351 corr.
620 2319 661 2350 M
665 2319 675 2340 ¹
813 2329 846 2350 11
872 2328 972 2350 ausos
987 2317 1037 2359 M,
1053 2328 1131 2350 corr.
1150 2316 1191 2349 M
1195 2316 1207 2337 ¹

303 2369 360 2405 37.
388 2372 402 2394 1
431 2362 517 2394 re‘dit
545 2362 593 2401 M,
624 2362 634 2393 i
660 2368 819 2404 superscr.
845 2361 901 2394 Ml
