<?xml version="1.0" encoding="UTF-8"?>
<!DOCTYPE html PUBLIC "-//W3C//DTD XHTML 1.0 Transitional//EN"
    "http://www.w3.org/TR/xhtml1/DTD/xhtml1-transitional.dtd">
<html xmlns="http://www.w3.org/1999/xhtml" xml:lang="en" lang="en">
 <head>
  <title>
</title>
<meta http-equiv="Content-Type" content="text/html;charset=utf-8" />
  <meta name='ocr-system' content='tesseract 3.04.00' />
  <meta name='ocr-capabilities' content='ocr_page ocr_carea ocr_par ocr_line ocrx_word'/>
</head>
<body>
  <div class='ocr_page' id='page_1' title='image "./historiarumlibri00taciuoft_0033.png"; bbox 0 0 1748 2826; ppageno 0'>
   <div class='ocr_carea' id='block_1_1' title="bbox 470 114 1581 161">
    <p class='ocr_par' dir='ltr' id='par_1_1' title="bbox 470 114 1581 161">
     <span class='ocr_line' id='line_1_1' title="bbox 470 114 1581 161; baseline -0.005 -4"><span class='ocrx_word' id='word_1_1' title='bbox 470 116 879 157; x_wconf 89' lang='lat' dir='ltr'>HISTORIARVM</span> <span class='ocrx_word' id='word_1_2' title='bbox 911 115 1083 154; x_wconf 90' lang='lat' dir='ltr'><strong>LIBER</strong></span> <span class='ocrx_word' id='word_1_3' title='bbox 1114 115 1132 153; x_wconf 96' lang='lat' dir='ltr'>I</span> <span class='ocrx_word' id='word_1_4' title='bbox 1488 114 1581 161; x_wconf 86' lang='lat'>130</span> 
     </span>
    </p>
   </div>
   <div class='ocr_carea' id='block_1_2' title="bbox 98 223 1577 1789">
    <p class='ocr_par' dir='ltr' id='par_1_2' title="bbox 98 223 1570 547">
     <span class='ocr_line' id='line_1_2' title="bbox 99 223 1570 273; baseline -0.007 0"><span class='ocrx_word' id='word_1_5' title='bbox 99 232 250 273; x_wconf 86' lang='lat' dir='ltr'>scendo</span> <span class='ocrx_word' id='word_1_6' title='bbox 269 243 486 272; x_wconf 91' lang='lat' dir='ltr'>commune</span> <span class='ocrx_word' id='word_1_7' title='bbox 511 227 662 268; x_wconf 86' lang='lat' dir='ltr'><strong>crimen</strong></span> <span class='ocrx_word' id='word_1_8' title='bbox 689 226 849 266; x_wconf 88' lang='lat' dir='ltr'>facitis?</span> <span class='ocrx_word' id='word_1_9' title='bbox 878 227 1132 266; x_wconf 85' lang='lat' dir='ltr'>transcendet</span> <span class='ocrx_word' id='word_1_10' title='bbox 1159 227 1257 265; x_wconf 90' lang='lat' dir='ltr'>haec</span> <span class='ocrx_word' id='word_1_11' title='bbox 1282 223 1441 264; x_wconf 89' lang='lat' dir='ltr'>licentia</span> <span class='ocrx_word' id='word_1_12' title='bbox 1467 224 1506 262; x_wconf 91' lang='lat' dir='ltr'>in</span> <span class='ocrx_word' id='word_1_13' title='bbox 1529 240 1570 263; x_wconf 84' lang='lat'>20</span> 
     </span>
     <span class='ocr_line' id='line_1_3' title="bbox 98 291 1509 350; baseline -0.007 -12"><span class='ocrx_word' id='word_1_14' title='bbox 98 296 332 350; x_wconf 83' lang='lat' dir='ltr'>provincias,</span> <span class='ocrx_word' id='word_1_15' title='bbox 364 303 403 336; x_wconf 91' lang='lat' dir='ltr'>et</span> <span class='ocrx_word' id='word_1_16' title='bbox 432 296 484 335; x_wconf 89' lang='lat' dir='ltr'>ad</span> <span class='ocrx_word' id='word_1_17' title='bbox 513 307 587 334; x_wconf 91' lang='lat' dir='ltr'>nos</span> <span class='ocrx_word' id='word_1_18' title='bbox 617 294 809 332; x_wconf 91' lang='lat' dir='ltr'>scelerum</span> <span class='ocrx_word' id='word_1_19' title='bbox 841 291 978 339; x_wconf 89' lang='lat' dir='ltr'>exitus,</span> <span class='ocrx_word' id='word_1_20' title='bbox 1015 291 1211 330; x_wconf 92' lang='lat' dir='ltr'>bellorum</span> <span class='ocrx_word' id='word_1_21' title='bbox 1240 291 1292 330; x_wconf 89' lang='lat' dir='ltr'>ad</span> <span class='ocrx_word' id='word_1_22' title='bbox 1321 303 1392 328; x_wconf 91' lang='lat' dir='ltr'>vos</span> <span class='ocrx_word' id='word_1_23' title='bbox 1426 303 1509 340; x_wconf 89' lang='lat' dir='ltr'>per-</span> 
     </span>
     <span class='ocr_line' id='line_1_4' title="bbox 98 356 1510 412; baseline -0.006 -9"><span class='ocrx_word' id='word_1_24' title='bbox 98 363 294 403; x_wconf 90' lang='lat' dir='ltr'>tinebunt.</span> <span class='ocrx_word' id='word_1_25' title='bbox 354 375 429 402; x_wconf 91' lang='lat' dir='ltr'>nec</span> <span class='ocrx_word' id='word_1_26' title='bbox 449 368 508 401; x_wconf 87' lang='lat' dir='ltr'>est</span> <span class='ocrx_word' id='word_1_27' title='bbox 534 361 623 412; x_wconf 91' lang='lat' dir='ltr'>plus</span> <span class='ocrx_word' id='word_1_28' title='bbox 650 359 761 410; x_wconf 87' lang='lat' dir='ltr'>quod</span> <span class='ocrx_word' id='word_1_29' title='bbox 790 371 862 409; x_wconf 90' lang='lat' dir='ltr'>pro</span> <span class='ocrx_word' id='word_1_30' title='bbox 885 358 1010 397; x_wconf 91' lang='lat' dir='ltr'>caede</span> <span class='ocrx_word' id='word_1_31' title='bbox 1036 356 1224 408; x_wconf 91' lang='lat' dir='ltr'>principis</span> <span class='ocrx_word' id='word_1_32' title='bbox 1248 369 1369 407; x_wconf 88' lang='lat' dir='ltr'>quam</span> <span class='ocrx_word' id='word_1_33' title='bbox 1399 356 1510 406; x_wconf 88' lang='lat' dir='ltr'>quod</span> 
     </span>
     <span class='ocr_line' id='line_1_5' title="bbox 98 421 1509 477; baseline -0.006 -9"><span class='ocrx_word' id='word_1_34' title='bbox 98 429 381 470; x_wconf 86' lang='lat' dir='ltr'><strong>innocentibus</strong></span> <span class='ocrx_word' id='word_1_35' title='bbox 411 429 538 475; x_wconf 87' lang='lat' dir='ltr'>datur,</span> <span class='ocrx_word' id='word_1_36' title='bbox 561 426 632 466; x_wconf 91' lang='lat' dir='ltr'>sed</span> <span class='ocrx_word' id='word_1_37' title='bbox 658 424 827 477; x_wconf 89' lang='lat' dir='ltr'><strong>proinde</strong></span> <span class='ocrx_word' id='word_1_38' title='bbox 853 437 877 463; x_wconf 91' lang='lat' dir='ltr'>a</span> <span class='ocrx_word' id='word_1_39' title='bbox 903 423 1020 464; x_wconf 91' lang='lat' dir='ltr'>nobis</span> <span class='ocrx_word' id='word_1_40' title='bbox 1046 423 1281 463; x_wconf 90' lang='lat' dir='ltr'>donativum</span> <span class='ocrx_word' id='word_1_41' title='bbox 1308 422 1362 462; x_wconf 95' lang='lat' dir='ltr'>ob</span> <span class='ocrx_word' id='word_1_42' title='bbox 1388 421 1509 460; x_wconf 89' lang='lat' dir='ltr'>fidem</span> 
     </span>
     <span class='ocr_line' id='line_1_6' title="bbox 99 488 933 547; baseline -0.011 -11"><span class='ocrx_word' id='word_1_43' title='bbox 99 507 220 547; x_wconf 89' lang='lat' dir='ltr'>quam</span> <span class='ocrx_word' id='word_1_44' title='bbox 240 495 292 535; x_wconf 89' lang='lat' dir='ltr'>ab</span> <span class='ocrx_word' id='word_1_45' title='bbox 311 493 398 534; x_wconf 89' lang='lat' dir='ltr'>aliis</span> <span class='ocrx_word' id='word_1_46' title='bbox 418 506 491 545; x_wconf 89' lang='lat' dir='ltr'>pro</span> <span class='ocrx_word' id='word_1_47' title='bbox 510 491 686 531; x_wconf 89' lang='lat' dir='ltr'>facinore</span> <span class='ocrx_word' id='word_1_48' title='bbox 705 488 933 541; x_wconf 63' lang='lat' dir='ltr'>accipietis)</span> 
     </span>
    </p>

    <p class='ocr_par' dir='ltr' id='par_1_3' title="bbox 99 555 1577 1789">
     <span class='ocr_line' id='line_1_7' title="bbox 264 555 1574 611; baseline -0.008 -11"><span class='ocrx_word' id='word_1_49' title='bbox 264 558 440 611; x_wconf 85' lang='lat' dir='ltr'><strong>Dilapsis</strong></span> <span class='ocrx_word' id='word_1_50' title='bbox 483 555 798 610; x_wconf 85' lang='lat' dir='ltr'>speculatoribus</span> <span class='ocrx_word' id='word_1_51' title='bbox 837 562 968 594; x_wconf 88' lang='lat' dir='ltr'>cetera</span> <span class='ocrx_word' id='word_1_52' title='bbox 1002 555 1146 594; x_wconf 88' lang='lat' dir='ltr'>cohors</span> <span class='ocrx_word' id='word_1_53' title='bbox 1186 567 1267 593; x_wconf 87' lang='lat' dir='ltr'>non</span> <span class='ocrx_word' id='word_1_54' title='bbox 1301 559 1511 605; x_wconf 89' lang='lat' dir='ltr'>aspernata</span> <span class='ocrx_word' id='word_1_55' title='bbox 1529 560 1574 598; x_wconf 87' lang='lat'>31</span> 
     </span>
     <span class='ocr_line' id='line_1_8' title="bbox 100 618 1512 674; baseline -0.008 -7"><span class='ocrx_word' id='word_1_56' title='bbox 100 625 416 674; x_wconf 85' lang='lat' dir='ltr'>contionantem,</span> <span class='ocrx_word' id='word_1_57' title='bbox 445 631 489 664; x_wconf 93' lang='lat' dir='ltr'>ut</span> <span class='ocrx_word' id='word_1_58' title='bbox 518 621 686 663; x_wconf 84' lang='lat' dir='ltr'>turbidis</span> <span class='ocrx_word' id='word_1_59' title='bbox 715 621 834 662; x_wconf 91' lang='lat' dir='ltr'>rebus</span> <span class='ocrx_word' id='word_1_60' title='bbox 864 620 1006 668; x_wconf 89' lang='lat' dir='ltr'>evenit,</span> <span class='ocrx_word' id='word_1_61' title='bbox 1036 621 1136 660; x_wconf 86' lang='lat' dir='ltr'>forte</span> <span class='ocrx_word' id='word_1_62' title='bbox 1170 619 1295 671; x_wconf 85' lang='lat' dir='ltr'>magis</span> <span class='ocrx_word' id='word_1_63' title='bbox 1327 626 1367 659; x_wconf 93' lang='lat' dir='ltr'>et</span> <span class='ocrx_word' id='word_1_64' title='bbox 1400 618 1512 657; x_wconf 91' lang='lat' dir='ltr'>nullo</span> 
     </span>
     <span class='ocr_line' id='line_1_9' title="bbox 99 684 1513 741; baseline -0.007 -9"><span class='ocrx_word' id='word_1_65' title='bbox 99 691 236 732; x_wconf 84' lang='lat' dir='ltr'>adhuc</span> <span class='ocrx_word' id='word_1_66' title='bbox 263 689 432 731; x_wconf 93' lang='lat' dir='ltr'>consilio</span> <span class='ocrx_word' id='word_1_67' title='bbox 462 687 563 741; x_wconf 88' lang='lat' dir='ltr'>rapit</span> <span class='ocrx_word' id='word_1_68' title='bbox 597 686 708 739; x_wconf 87' lang='lat' dir='ltr'>signa</span> <span class='ocrx_word' id='word_1_69' title='bbox 738 700 867 737; x_wconf 81' lang='lat' dir='ltr'>quam,</span> <span class='ocrx_word' id='word_1_70' title='bbox 898 686 1009 737; x_wconf 89' lang='lat' dir='ltr'>quod</span> <span class='ocrx_word' id='word_1_71' title='bbox 1044 692 1183 736; x_wconf 89' lang='lat' dir='ltr'>postea</span> <span class='ocrx_word' id='word_1_72' title='bbox 1214 684 1409 725; x_wconf 91' lang='lat' dir='ltr'>creditum</span> <span class='ocrx_word' id='word_1_73' title='bbox 1439 690 1513 731; x_wconf 91' lang='lat' dir='ltr'>est,</span> 
     </span>
     <span class='ocr_line' id='line_1_10' title="bbox 100 749 1512 797; baseline -0.007 0"><span class='ocrx_word' id='word_1_74' title='bbox 100 755 256 797; x_wconf 85' lang='lat' dir='ltr'>insidiis</span> <span class='ocrx_word' id='word_1_75' title='bbox 285 763 327 796; x_wconf 90' lang='lat' dir='ltr'>et</span> <span class='ocrx_word' id='word_1_76' title='bbox 359 753 624 795; x_wconf 87' lang='lat' dir='ltr'>simulatione.</span> <span class='ocrx_word' id='word_1_77' title='bbox 684 751 827 791; x_wconf 88' lang='lat' dir='ltr'>missus</span> <span class='ocrx_word' id='word_1_78' title='bbox 859 758 898 790; x_wconf 93' lang='lat' dir='ltr'>et</span> <span class='ocrx_word' id='word_1_79' title='bbox 928 752 1069 791; x_wconf 91' lang='lat' dir='ltr'>Celsus</span> <span class='ocrx_word' id='word_1_80' title='bbox 1101 749 1253 789; x_wconf 90' lang='lat' dir='ltr'>Marius</span> <span class='ocrx_word' id='word_1_81' title='bbox 1282 750 1334 789; x_wconf 89' lang='lat' dir='ltr'>ad</span> <span class='ocrx_word' id='word_1_82' title='bbox 1363 750 1512 789; x_wconf 84' lang='lat' dir='ltr'>electos</span> 
     </span>
     <span class='ocr_line' id='line_1_11' title="bbox 102 815 1551 873; baseline -0.007 -10"><span class='ocrx_word' id='word_1_83' title='bbox 102 819 250 873; x_wconf 86' lang='lat' dir='ltr'>Illyrici</span> <span class='ocrx_word' id='word_1_84' title='bbox 272 819 478 869; x_wconf 89' lang='lat' dir='ltr'>exercitus,</span> <span class='ocrx_word' id='word_1_85' title='bbox 508 817 701 871; x_wconf 83' lang='lat' dir='ltr'>Vipsania</span> <span class='ocrx_word' id='word_1_86' title='bbox 730 817 770 856; x_wconf 92' lang='lat' dir='ltr'>in</span> <span class='ocrx_word' id='word_1_87' title='bbox 798 816 954 868; x_wconf 90' lang='lat' dir='ltr'>porticu</span> <span class='ocrx_word' id='word_1_88' title='bbox 984 815 1184 856; x_wconf 89' lang='lat' dir='ltr'>tendentis</span> <span class='ocrx_word' id='word_1_89' title='bbox 1204 830 1215 864; x_wconf 80' lang='lat'><em>3</em></span> <span class='ocrx_word' id='word_1_90' title='bbox 1254 822 1511 867; x_wconf 90' lang='lat' dir='ltr'>praeceptum</span> <span class='ocrx_word' id='word_1_91' title='bbox 1533 828 1551 860; x_wconf 85' lang='lat'>5</span> 
     </span>
     <span class='ocr_line' id='line_1_12' title="bbox 101 881 1514 934; baseline -0.007 -5"><span class='ocrx_word' id='word_1_92' title='bbox 101 885 281 928; x_wconf 89' lang='lat' dir='ltr'>Amullio</span> <span class='ocrx_word' id='word_1_93' title='bbox 309 887 460 927; x_wconf 90' lang='lat' dir='ltr'>Sereno</span> <span class='ocrx_word' id='word_1_94' title='bbox 486 891 526 925; x_wconf 92' lang='lat' dir='ltr'>et</span> <span class='ocrx_word' id='word_1_95' title='bbox 550 883 732 924; x_wconf 89' lang='lat' dir='ltr'>Domitio</span> <span class='ocrx_word' id='word_1_96' title='bbox 759 882 909 922; x_wconf 91' lang='lat' dir='ltr'>Sabino</span> <span class='ocrx_word' id='word_1_97' title='bbox 933 881 1251 934; x_wconf 89' lang='lat' dir='ltr'>primipilaribus,</span> <span class='ocrx_word' id='word_1_98' title='bbox 1281 887 1326 920; x_wconf 91' lang='lat' dir='ltr'>ut</span> <span class='ocrx_word' id='word_1_99' title='bbox 1352 881 1514 920; x_wconf 85' lang='lat' dir='ltr'>Germa-</span> 
     </span>
     <span class='ocr_line' id='line_1_13' title="bbox 102 946 1514 999; baseline -0.006 -5"><span class='ocrx_word' id='word_1_100' title='bbox 102 952 216 993; x_wconf 88' lang='lat' dir='ltr'>nicos</span> <span class='ocrx_word' id='word_1_101' title='bbox 241 950 387 992; x_wconf 87' lang='lat' dir='ltr'>milites</span> <span class='ocrx_word' id='word_1_102' title='bbox 410 966 433 992; x_wconf 93' lang='lat' dir='ltr'>e</span> <span class='ocrx_word' id='word_1_103' title='bbox 463 949 674 991; x_wconf 89' lang='lat' dir='ltr'>Libertatis</span> <span class='ocrx_word' id='word_1_104' title='bbox 703 948 803 988; x_wconf 89' lang='lat' dir='ltr'>atrio</span> <span class='ocrx_word' id='word_1_105' title='bbox 832 955 1090 988; x_wconf 88' lang='lat' dir='ltr'>accerserent.</span> <span class='ocrx_word' id='word_1_106' title='bbox 1149 946 1295 999; x_wconf 85' lang='lat' dir='ltr'>legioni</span> <span class='ocrx_word' id='word_1_107' title='bbox 1325 946 1514 986; x_wconf 87' lang='lat' dir='ltr'>classicae</span> 
     </span>
     <span class='ocr_line' id='line_1_14' title="bbox 102 1011 1514 1067; baseline -0.006 -9"><span class='ocrx_word' id='word_1_108' title='bbox 102 1017 372 1067; x_wconf 81' lang='lat' dir='ltr'>diffidebatur,</span> <span class='ocrx_word' id='word_1_109' title='bbox 399 1016 567 1056; x_wconf 85' lang='lat' dir='ltr'>infestae</span> <span class='ocrx_word' id='word_1_110' title='bbox 596 1015 649 1055; x_wconf 94' lang='lat' dir='ltr'>ob</span> <span class='ocrx_word' id='word_1_111' title='bbox 683 1015 849 1054; x_wconf 88' lang='lat' dir='ltr'>caedem</span> <span class='ocrx_word' id='word_1_112' title='bbox 885 1013 1216 1060; x_wconf 88' lang='lat' dir='ltr'>commilitonum,</span> <span class='ocrx_word' id='word_1_113' title='bbox 1248 1025 1350 1063; x_wconf 89' lang='lat' dir='ltr'>quos</span> <span class='ocrx_word' id='word_1_114' title='bbox 1384 1011 1514 1066; x_wconf 63' lang='lat' dir='ltr'><em>Q</em></span> 
     </span>
     <span class='ocr_line' id='line_1_15' title="bbox 103 1077 1516 1132; baseline -0.006 -8"><span class='ocrx_word' id='word_1_115' title='bbox 103 1082 238 1132; x_wconf 84' lang='lat' dir='ltr'>statim</span> <span class='ocrx_word' id='word_1_116' title='bbox 265 1081 430 1123; x_wconf 86' lang='lat' dir='ltr'>introitu</span> <span class='ocrx_word' id='word_1_117' title='bbox 459 1080 722 1121; x_wconf 89' lang='lat' dir='ltr'>trucidaverat</span> <span class='ocrx_word' id='word_1_118' title='bbox 752 1080 892 1120; x_wconf 87' lang='lat' dir='ltr'>Galba.</span> <span class='ocrx_word' id='word_1_119' title='bbox 966 1086 1134 1131; x_wconf 88' lang='lat' dir='ltr'>pergunt</span> <span class='ocrx_word' id='word_1_120' title='bbox 1167 1077 1288 1118; x_wconf 89' lang='lat' dir='ltr'>etiam</span> <span class='ocrx_word' id='word_1_121' title='bbox 1317 1077 1358 1116; x_wconf 90' lang='lat' dir='ltr'>in</span> <span class='ocrx_word' id='word_1_122' title='bbox 1387 1084 1516 1117; x_wconf 89' lang='lat' dir='ltr'>castra</span> 
     </span>
     <span class='ocr_line' id='line_1_16' title="bbox 103 1143 1577 1199; baseline -0.006 -10"><span class='ocrx_word' id='word_1_123' title='bbox 103 1147 444 1199; x_wconf 77' lang='lat' dir='ltr'>praetorianorum</span> <span class='ocrx_word' id='word_1_124' title='bbox 491 1145 640 1187; x_wconf 88' lang='lat' dir='ltr'>tribuni</span> <span class='ocrx_word' id='word_1_125' title='bbox 690 1144 847 1186; x_wconf 90' lang='lat' dir='ltr'>Cetrius</span> <span class='ocrx_word' id='word_1_126' title='bbox 896 1146 1074 1192; x_wconf 90' lang='lat' dir='ltr'>Severus,</span> <span class='ocrx_word' id='word_1_127' title='bbox 1131 1143 1296 1183; x_wconf 91' lang='lat' dir='ltr'>Subrius</span> <span class='ocrx_word' id='word_1_128' title='bbox 1352 1145 1512 1190; x_wconf 88' lang='lat' dir='ltr'>Dexter,</span> <span class='ocrx_word' id='word_1_129' title='bbox 1537 1156 1577 1179; x_wconf 91' lang='lat'>10</span> 
     </span>
     <span class='ocr_line' id='line_1_17' title="bbox 103 1209 1516 1265; baseline -0.004 -13"><span class='ocrx_word' id='word_1_130' title='bbox 103 1210 323 1265; x_wconf 90' lang='lat' dir='ltr'>Pompeius</span> <span class='ocrx_word' id='word_1_131' title='bbox 363 1211 582 1263; x_wconf 89' lang='lat' dir='ltr'>Longinus,</span> <span class='ocrx_word' id='word_1_132' title='bbox 617 1209 650 1250; x_wconf 91' lang='lat' dir='ltr'>si</span> <span class='ocrx_word' id='word_1_133' title='bbox 688 1209 883 1260; x_wconf 90' lang='lat' dir='ltr'>incipiens</span> <span class='ocrx_word' id='word_1_134' title='bbox 921 1210 1055 1249; x_wconf 89' lang='lat' dir='ltr'>adhuc</span> <span class='ocrx_word' id='word_1_135' title='bbox 1093 1215 1133 1248; x_wconf 91' lang='lat' dir='ltr'>et</span> <span class='ocrx_word' id='word_1_136' title='bbox 1171 1209 1344 1248; x_wconf 91' lang='lat' dir='ltr'>necdum</span> <span class='ocrx_word' id='word_1_137' title='bbox 1377 1209 1516 1248; x_wconf 89' lang='lat' dir='ltr'>adulta</span> 
     </span>
     <span class='ocr_line' id='line_1_18' title="bbox 103 1272 1514 1327; baseline -0.005 -8"><span class='ocrx_word' id='word_1_138' title='bbox 103 1277 249 1319; x_wconf 89' lang='lat' dir='ltr'>seditio</span> <span class='ocrx_word' id='word_1_139' title='bbox 281 1276 511 1318; x_wconf 89' lang='lat' dir='ltr'>melioribus</span> <span class='ocrx_word' id='word_1_140' title='bbox 545 1275 720 1327; x_wconf 89' lang='lat' dir='ltr'>consiliis</span> <span class='ocrx_word' id='word_1_141' title='bbox 752 1276 984 1315; x_wconf 89' lang='lat' dir='ltr'>flecteretur.</span> <span class='ocrx_word' id='word_1_142' title='bbox 1045 1273 1295 1314; x_wconf 91' lang='lat' dir='ltr'>tribunorum</span> <span class='ocrx_word' id='word_1_143' title='bbox 1327 1272 1514 1313; x_wconf 89' lang='lat' dir='ltr'>Subrium</span> 
     </span>
     <span class='ocr_line' id='line_1_19' title="bbox 103 1338 1515 1391; baseline -0.006 -6"><span class='ocrx_word' id='word_1_144' title='bbox 103 1350 144 1384; x_wconf 89' lang='lat' dir='ltr'>et</span> <span class='ocrx_word' id='word_1_145' title='bbox 169 1342 350 1385; x_wconf 88' lang='lat' dir='ltr'>Cetrium</span> <span class='ocrx_word' id='word_1_146' title='bbox 376 1343 506 1383; x_wconf 88' lang='lat' dir='ltr'>adorti</span> <span class='ocrx_word' id='word_1_147' title='bbox 532 1340 676 1382; x_wconf 90' lang='lat' dir='ltr'>milites</span> <span class='ocrx_word' id='word_1_148' title='bbox 704 1339 834 1388; x_wconf 92' lang='lat' dir='ltr'>minis,</span> <span class='ocrx_word' id='word_1_149' title='bbox 863 1338 1092 1391; x_wconf 86' lang='lat' dir='ltr'>Longinum</span> <span class='ocrx_word' id='word_1_150' title='bbox 1119 1338 1304 1378; x_wconf 86' lang='lat' dir='ltr'>manibus</span> <span class='ocrx_word' id='word_1_151' title='bbox 1329 1345 1515 1378; x_wconf 89' lang='lat' dir='ltr'>coercent</span> 
     </span>
     <span class='ocr_line' id='line_1_20' title="bbox 103 1403 1514 1461; baseline -0.006 -11"><span class='ocrx_word' id='word_1_152' title='bbox 103 1415 400 1461; x_wconf 84' lang='lat' dir='ltr'>exannantque,</span> <span class='ocrx_word' id='word_1_153' title='bbox 431 1407 524 1460; x_wconf 89' lang='lat' dir='ltr'>quia</span> <span class='ocrx_word' id='word_1_154' title='bbox 553 1420 636 1447; x_wconf 90' lang='lat' dir='ltr'>non</span> <span class='ocrx_word' id='word_1_155' title='bbox 663 1405 804 1447; x_wconf 90' lang='lat' dir='ltr'>ordine</span> <span class='ocrx_word' id='word_1_156' title='bbox 833 1404 1007 1452; x_wconf 88' lang='lat' dir='ltr'>militiae,</span> <span class='ocrx_word' id='word_1_157' title='bbox 1034 1405 1106 1444; x_wconf 92' lang='lat' dir='ltr'>sed</span> <span class='ocrx_word' id='word_1_158' title='bbox 1133 1417 1155 1444; x_wconf 93' lang='lat' dir='ltr'>e</span> <span class='ocrx_word' id='word_1_159' title='bbox 1179 1404 1334 1444; x_wconf 89' lang='lat' dir='ltr'>Galbae</span> <span class='ocrx_word' id='word_1_160' title='bbox 1362 1403 1514 1451; x_wconf 89' lang='lat' dir='ltr'>amicis,</span> 
     </span>
     <span class='ocr_line' id='line_1_21' title="bbox 103 1468 1577 1527; baseline -0.005 -12"><span class='ocrx_word' id='word_1_161' title='bbox 103 1475 208 1515; x_wconf 90' lang='lat' dir='ltr'>fidus</span> <span class='ocrx_word' id='word_1_162' title='bbox 245 1473 416 1527; x_wconf 88' lang='lat' dir='ltr'>principi</span> <span class='ocrx_word' id='word_1_163' title='bbox 454 1486 528 1513; x_wconf 93' lang='lat' dir='ltr'>suo</span> <span class='ocrx_word' id='word_1_164' title='bbox 566 1480 605 1512; x_wconf 91' lang='lat' dir='ltr'>et</span> <span class='ocrx_word' id='word_1_165' title='bbox 639 1470 956 1512; x_wconf 86' lang='lat' dir='ltr'>desciscentibus</span> <span class='ocrx_word' id='word_1_166' title='bbox 995 1469 1217 1521; x_wconf 91' lang='lat' dir='ltr'>suspectior</span> <span class='ocrx_word' id='word_1_167' title='bbox 1249 1476 1342 1509; x_wconf 88' lang='lat' dir='ltr'>erat.</span> <span class='ocrx_word' id='word_1_168' title='bbox 1413 1468 1516 1519; x_wconf 87' lang='lat' dir='ltr'>legio</span> <span class='ocrx_word' id='word_1_169' title='bbox 1539 1480 1577 1513; x_wconf 88' lang='lat'>15</span> 
     </span>
     <span class='ocr_line' id='line_1_22' title="bbox 104 1534 1517 1590; baseline -0.006 -8"><span class='ocrx_word' id='word_1_170' title='bbox 104 1540 270 1582; x_wconf 81' lang='lat' dir='ltr'>classica</span> <span class='ocrx_word' id='word_1_171' title='bbox 297 1540 400 1580; x_wconf 91' lang='lat' dir='ltr'>nihil</span> <span class='ocrx_word' id='word_1_172' title='bbox 429 1546 616 1580; x_wconf 87' lang='lat' dir='ltr'>cunctata</span> <span class='ocrx_word' id='word_1_173' title='bbox 649 1536 908 1590; x_wconf 89' lang='lat' dir='ltr'>praetorianis</span> <span class='ocrx_word' id='word_1_174' title='bbox 939 1535 1196 1586; x_wconf 79' lang='lat' dir='ltr'>adiungitur3</span> <span class='ocrx_word' id='word_1_175' title='bbox 1237 1534 1383 1586; x_wconf 91' lang='lat' dir='ltr'>Illyrici</span> <span class='ocrx_word' id='word_1_176' title='bbox 1413 1548 1517 1574; x_wconf 88' lang='lat' dir='ltr'>exer-</span> 
     </span>
     <span class='ocr_line' id='line_1_23' title="bbox 104 1599 1518 1668; baseline -0.006 -22"><span class='ocrx_word' id='word_1_177' title='bbox 104 1605 207 1646; x_wconf 85' lang='lat' dir='ltr'>citus</span> <span class='ocrx_word' id='word_1_178' title='bbox 235 1607 351 1647; x_wconf 87' lang='lat' dir='ltr'>electi</span> <span class='ocrx_word' id='word_1_179' title='bbox 382 1606 546 1647; x_wconf 90' lang='lat' dir='ltr'>Celsum</span> <span class='ocrx_word' id='word_1_180' title='bbox 580 1603 732 1658; x_wconf 56' lang='lat' dir='ltr'>infestffi‘</span> <span class='ocrx_word' id='word_1_181' title='bbox 762 1602 851 1668; x_wconf 70' lang='lat' dir='ltr'>gilis</span> <span class='ocrx_word' id='word_1_182' title='bbox 881 1601 1129 1653; x_wconf 89' lang='lat' dir='ltr'>proturbant.</span> <span class='ocrx_word' id='word_1_183' title='bbox 1187 1599 1428 1641; x_wconf 89' lang='lat' dir='ltr'>Germanica</span> <span class='ocrx_word' id='word_1_184' title='bbox 1455 1613 1518 1639; x_wconf 91' lang='lat' dir='ltr'>ve-</span> 
     </span>
     <span class='ocr_line' id='line_1_24' title="bbox 105 1664 1519 1719; baseline -0.007 -6"><span class='ocrx_word' id='word_1_185' title='bbox 105 1671 198 1712; x_wconf 84' lang='lat' dir='ltr'>xilla</span> <span class='ocrx_word' id='word_1_186' title='bbox 224 1671 295 1712; x_wconf 87' lang='lat' dir='ltr'>diu</span> <span class='ocrx_word' id='word_1_187' title='bbox 324 1678 524 1719; x_wconf 88' lang='lat' dir='ltr'>nutavere‚</span> <span class='ocrx_word' id='word_1_188' title='bbox 551 1669 735 1710; x_wconf 91' lang='lat' dir='ltr'>invalidis</span> <span class='ocrx_word' id='word_1_189' title='bbox 758 1670 893 1708; x_wconf 90' lang='lat' dir='ltr'>adhuc</span> <span class='ocrx_word' id='word_1_190' title='bbox 919 1666 1153 1718; x_wconf 90' lang='lat' dir='ltr'>corporibus</span> <span class='ocrx_word' id='word_1_191' title='bbox 1181 1673 1220 1706; x_wconf 92' lang='lat' dir='ltr'>et</span> <span class='ocrx_word' id='word_1_192' title='bbox 1243 1664 1408 1717; x_wconf 87' lang='lat' dir='ltr'>placatis</span> <span class='ocrx_word' id='word_1_193' title='bbox 1437 1664 1519 1704; x_wconf 91' lang='lat' dir='ltr'>ani-</span> 
     </span>
     <span class='ocr_line' id='line_1_25' title="bbox 106 1730 1518 1789; baseline -0.006 -12"><span class='ocrx_word' id='word_1_194' title='bbox 106 1736 193 1786; x_wconf 88' lang='lat' dir='ltr'>mis,</span> <span class='ocrx_word' id='word_1_195' title='bbox 221 1738 333 1789; x_wconf 92' lang='lat' dir='ltr'>quod</span> <span class='ocrx_word' id='word_1_196' title='bbox 359 1750 429 1778; x_wconf 92' lang='lat' dir='ltr'>eos</span> <span class='ocrx_word' id='word_1_197' title='bbox 454 1750 478 1776; x_wconf 89' lang='lat' dir='ltr'>a</span> <span class='ocrx_word' id='word_1_198' title='bbox 505 1737 668 1776; x_wconf 88' lang='lat' dir='ltr'>Nerone</span> <span class='ocrx_word' id='word_1_199' title='bbox 695 1733 979 1775; x_wconf 86' lang='lat' dir='ltr'>Alexandriam</span> <span class='ocrx_word' id='word_1_200' title='bbox 1009 1731 1247 1784; x_wconf 88' lang='lat' dir='ltr'>praemissos</span> <span class='ocrx_word' id='word_1_201' title='bbox 1273 1739 1394 1783; x_wconf 88' lang='lat' dir='ltr'>atque</span> <span class='ocrx_word' id='word_1_202' title='bbox 1423 1730 1518 1770; x_wconf 89' lang='lat' dir='ltr'>inde</span> 
     </span>
    </p>
   </div>
   <div class='ocr_carea' id='block_1_3' title="bbox 106 1797 1581 1910">
    <p class='ocr_par' dir='ltr' id='par_1_4' title="bbox 106 1797 1581 1910">
     <span class='ocr_line' id='line_1_26' title="bbox 106 1797 1581 1856; baseline -0.007 -11"><span class='ocrx_word' id='word_1_203' title='bbox 106 1817 239 1844; x_wconf 88' lang='lat' dir='ltr'>rursus</span> <span class='ocrx_word' id='word_1_204' title='bbox 276 1805 396 1856; x_wconf 88' lang='lat' dir='ltr'>longa</span> <span class='ocrx_word' id='word_1_205' title='bbox 433 1801 685 1854; x_wconf 86' lang='lat' dir='ltr'>navigatione</span> <span class='ocrx_word' id='word_1_206' title='bbox 722 1813 860 1852; x_wconf 84' lang='lat' dir='ltr'>aegros</span> <span class='ocrx_word' id='word_1_207' title='bbox 898 1797 1139 1850; x_wconf 89' lang='lat' dir='ltr'>impensiore</span> <span class='ocrx_word' id='word_1_208' title='bbox 1169 1811 1264 1837; x_wconf 93' lang='lat' dir='ltr'>cura</span> <span class='ocrx_word' id='word_1_209' title='bbox 1296 1797 1427 1837; x_wconf 89' lang='lat' dir='ltr'>Galba</span> <span class='ocrx_word' id='word_1_210' title='bbox 1464 1810 1520 1836; x_wconf 86' lang='lat' dir='ltr'>re·</span> <span class='ocrx_word' id='word_1_211' title='bbox 1541 1805 1581 1829; x_wconf 83' lang='lat'>²0</span> 
     </span>
     <span class='ocr_line' id='line_1_27' title="bbox 106 1868 278 1910; baseline -0.006 0"><span class='ocrx_word' id='word_1_212' title='bbox 106 1868 278 1910; x_wconf 86' lang='lat' dir='ltr'>fovebat.</span> 
     </span>
    </p>
   </div>
   <div class='ocr_carea' id='block_1_4' title="bbox 107 1959 1525 2491">
    <p class='ocr_par' dir='ltr' id='par_1_5' title="bbox 107 1959 1518 2053">
     <span class='ocr_line' id='line_1_28' title="bbox 107 1959 1518 2008; baseline -0.009 -6"><span class='ocrx_word' id='word_1_213' title='bbox 107 1979 153 2001; x_wconf 62' lang='grc' dir='ltr'>πο</span> <span class='ocrx_word' id='word_1_214' title='bbox 174 1968 374 2001; x_wconf 84' lang='lat' dir='ltr'>trascendet</span> <span class='ocrx_word' id='word_1_215' title='bbox 389 1966 438 2008; x_wconf 87' lang='lat' dir='ltr'>M,</span> <span class='ocrx_word' id='word_1_216' title='bbox 456 1965 566 1998; x_wconf 87' lang='lat' dir='ltr'>Halm</span> <span class='ocrx_word' id='word_1_217' title='bbox 716 1974 759 2004; x_wconf 84' lang='lat'>23</span> <span class='ocrx_word' id='word_1_218' title='bbox 782 1961 926 2003; x_wconf 85' lang='lat' dir='ltr'>perinde</span> <span class='ocrx_word' id='word_1_219' title='bbox 943 1961 1133 1994; x_wconf 83' lang='lat' dir='ltr'>Rhenanus</span> <span class='ocrx_word' id='word_1_220' title='bbox 1237 1960 1400 1992; x_wconf 88' lang='lat' dir='ltr'>donativo</span> <span class='ocrx_word' id='word_1_221' title='bbox 1416 1959 1466 2000; x_wconf 90' lang='lat' dir='ltr'>M,</span> <span class='ocrx_word' id='word_1_222' title='bbox 1479 1959 1518 2001; x_wconf 85' lang='lat' dir='ltr'>cf.</span> 
     </span>
     <span class='ocr_line' id='line_1_29' title="bbox 107 2022 229 2053; baseline -0.008 -8"><span class='ocrx_word' id='word_1_223' title='bbox 107 2022 138 2045; x_wconf 89' lang='lat' dir='ltr'>c.</span> <span class='ocrx_word' id='word_1_224' title='bbox 158 2022 191 2053; x_wconf 88' lang='lat'>5.</span> <span class='ocrx_word' id='word_1_225' title='bbox 207 2022 229 2053; x_wconf 87' lang='lat'><strong>3</strong></span> 
     </span>
    </p>

    <p class='ocr_par' dir='ltr' id='par_1_6' title="bbox 109 2048 1525 2491">
     <span class='ocr_line' id='line_1_30' title="bbox 153 2048 1518 2098; baseline -0.007 -9"><span class='ocrx_word' id='word_1_226' title='bbox 153 2062 206 2098; x_wconf 84' lang='lat'>31.</span> <span class='ocrx_word' id='word_1_227' title='bbox 233 2066 254 2087; x_wconf 78' lang='lat'><em>2</em></span> <span class='ocrx_word' id='word_1_228' title='bbox 277 2054 394 2088; x_wconf 88' lang='lat' dir='ltr'>evenit</span> <span class='ocrx_word' id='word_1_229' title='bbox 409 2054 497 2087; x_wconf 86' lang='lat' dir='ltr'>sorte</span> <span class='ocrx_word' id='word_1_230' title='bbox 513 2053 658 2085; x_wconf 86' lang='lat' dir='ltr'>Pichena</span> <span class='ocrx_word' id='word_1_231' title='bbox 676 2063 684 2083; x_wconf 80' lang='lat' dir='ltr'>z</span> <span class='ocrx_word' id='word_1_232' title='bbox 708 2050 866 2083; x_wconf 88' lang='lat' dir='ltr'>eventior</span> <span class='ocrx_word' id='word_1_233' title='bbox 882 2054 918 2082; x_wconf 87' lang='lat' dir='ltr'>te</span> <span class='ocrx_word' id='word_1_234' title='bbox 933 2048 973 2080; x_wconf 92' lang='lat' dir='ltr'><em>M</em></span> <span class='ocrx_word' id='word_1_235' title='bbox 1076 2049 1170 2081; x_wconf 86' lang='lat' dir='ltr'>nullo</span> <span class='ocrx_word' id='word_1_236' title='bbox 1187 2048 1413 2081; x_wconf 83' lang='lat' dir='ltr'>Freinsheim:</span> <span class='ocrx_word' id='word_1_237' title='bbox 1437 2057 1518 2080; x_wconf 88' lang='lat' dir='ltr'>non—</span> 
     </span>
     <span class='ocr_line' id='line_1_31' title="bbox 109 2090 1520 2139; baseline -0.006 -7"><span class='ocrx_word' id='word_1_238' title='bbox 109 2099 203 2132; x_wconf 88' lang='lat' dir='ltr'>nullo</span> <span class='ocrx_word' id='word_1_239' title='bbox 218 2096 262 2130; x_wconf 83' lang='lat' dir='ltr'><em>M</em></span> <span class='ocrx_word' id='word_1_240' title='bbox 413 2108 435 2139; x_wconf 87' lang='grc'>3</span> <span class='ocrx_word' id='word_1_241' title='bbox 459 2098 548 2139; x_wconf 86' lang='lat' dir='ltr'>rapit</span> <span class='ocrx_word' id='word_1_242' title='bbox 575 2097 674 2137; x_wconf 89' lang='lat' dir='ltr'>signa</span> <span class='ocrx_word' id='word_1_243' title='bbox 691 2094 831 2127; x_wconf 64' lang='lat' dir='ltr'>Mei-ser:</span> <span class='ocrx_word' id='word_1_244' title='bbox 866 2103 929 2135; x_wconf 89' lang='lat' dir='ltr'>par</span> <span class='ocrx_word' id='word_1_245' title='bbox 953 2093 1071 2134; x_wconf 84' lang='lat' dir='ltr'>signas</span> <span class='ocrx_word' id='word_1_246' title='bbox 1087 2092 1146 2125; x_wconf 86' lang='lat' dir='ltr'>M:</span> <span class='ocrx_word' id='word_1_247' title='bbox 1186 2097 1282 2133; x_wconf 88' lang='lat' dir='ltr'>parat</span> <span class='ocrx_word' id='word_1_248' title='bbox 1298 2093 1399 2133; x_wconf 88' lang='lat' dir='ltr'>signa</span> <span class='ocrx_word' id='word_1_249' title='bbox 1414 2090 1520 2133; x_wconf 77' lang='lat' dir='ltr'>Agri-</span> 
     </span>
     <span class='ocr_line' id='line_1_32' title="bbox 109 2135 1522 2184; baseline -0.006 -8"><span class='ocrx_word' id='word_1_250' title='bbox 109 2143 199 2176; x_wconf 85' lang='lat' dir='ltr'>cola:</span> <span class='ocrx_word' id='word_1_251' title='bbox 216 2147 303 2184; x_wconf 83' lang='lat' dir='ltr'>&#39;pars</span> <span class='ocrx_word' id='word_1_252' title='bbox 326 2142 450 2183; x_wconf 85' lang='lat' dir='ltr'>ingens</span> <span class='ocrx_word' id='word_1_253' title='bbox 466 2142 512 2174; x_wconf 84' lang='lat' dir='ltr'>al.</span> <span class='ocrx_word' id='word_1_254' title='bbox 526 2154 533 2174; x_wconf 72' lang='grc' dir='ltr'><strong>ε</strong></span> <span class='ocrx_word' id='word_1_255' title='bbox 550 2150 631 2182; x_wconf 85' lang='lat' dir='ltr'>pars</span> <span class='ocrx_word' id='word_1_256' title='bbox 647 2149 771 2181; x_wconf 85' lang='lat' dir='ltr'>magna</span> <span class='ocrx_word' id='word_1_257' title='bbox 785 2137 930 2181; x_wconf 62' lang='lat' dir='ltr'>Madvig</span> <span class='ocrx_word' id='word_1_258' title='bbox 1093 2147 1192 2178; x_wconf 85' lang='lat' dir='ltr'>quam</span> <span class='ocrx_word' id='word_1_259' title='bbox 1211 2136 1341 2168; x_wconf 86' lang='lat' dir='ltr'>addidit</span> <span class='ocrx_word' id='word_1_260' title='bbox 1355 2135 1522 2168; x_wconf 79' lang='lat' dir='ltr'>Heinsius</span> 
     </span>
     <span class='ocr_line' id='line_1_33' title="bbox 110 2179 1522 2227; baseline -0.006 -8"><span class='ocrx_word' id='word_1_261' title='bbox 110 2197 131 2227; x_wconf 83' lang='lat'>4</span> <span class='ocrx_word' id='word_1_262' title='bbox 154 2187 279 2219; x_wconf 81' lang='lat' dir='ltr'>missus</span> <span class='ocrx_word' id='word_1_263' title='bbox 296 2210 304 2219; x_wconf 89' lang='lat'>.</span> <span class='ocrx_word' id='word_1_264' title='bbox 321 2211 329 2218; x_wconf 86' lang='lat'><strong><em>.</em></strong></span> <span class='ocrx_word' id='word_1_265' title='bbox 346 2210 356 2220; x_wconf 92' lang='lat'>.</span> <span class='ocrx_word' id='word_1_266' title='bbox 370 2186 549 2218; x_wconf 84' lang='lat' dir='ltr'>tendentis</span> <span class='ocrx_word' id='word_1_267' title='bbox 566 2187 645 2227; x_wconf 84' lang='lat' dir='ltr'>post</span> <span class='ocrx_word' id='word_1_268' title='bbox 670 2187 891 2216; x_wconf 85' lang='lat' dir='ltr'>accerserent</span> <span class='ocrx_word' id='word_1_269' title='bbox 917 2182 1126 2223; x_wconf 79' lang='lat' dir='ltr'>transposuit</span> <span class='ocrx_word' id='word_1_270' title='bbox 1147 2180 1324 2213; x_wconf 83' lang='lat' dir='ltr'>Acidalius</span> <span class='ocrx_word' id='word_1_271' title='bbox 1499 2179 1522 2210; x_wconf 89' lang='lat'><strong>6</strong></span> 
     </span>
     <span class='ocr_line' id='line_1_34' title="bbox 109 2225 1522 2272; baseline -0.006 -9"><span class='ocrx_word' id='word_1_272' title='bbox 109 2230 248 2264; x_wconf 86' lang='lat' dir='ltr'>Amulio</span> <span class='ocrx_word' id='word_1_273' title='bbox 264 2230 368 2272; x_wconf 85' lang='lat' dir='ltr'>vulgo</span> <span class='ocrx_word' id='word_1_274' title='bbox 531 2231 553 2261; x_wconf 90' lang='lat'><strong>8</strong></span> <span class='ocrx_word' id='word_1_275' title='bbox 575 2228 792 2260; x_wconf 86' lang='lat' dir='ltr'>diffidebatur</span> <span class='ocrx_word' id='word_1_276' title='bbox 806 2226 982 2259; x_wconf 80' lang='lat' dir='ltr'>Acidalius</span> <span class='ocrx_word' id='word_1_277' title='bbox 998 2237 1006 2258; x_wconf 73' lang='grc' dir='ltr'><strong><em>ι</em></strong></span> <span class='ocrx_word' id='word_1_278' title='bbox 1030 2225 1203 2257; x_wconf 85' lang='lat' dir='ltr'>diffidebat</span> <span class='ocrx_word' id='word_1_279' title='bbox 1220 2225 1262 2256; x_wconf 94' lang='lat' dir='ltr'><em>M</em></span> <span class='ocrx_word' id='word_1_280' title='bbox 1423 2233 1459 2255; x_wconf 94' lang='lat'>11</span> <span class='ocrx_word' id='word_1_281' title='bbox 1486 2227 1522 2255; x_wconf 86' lang='lat' dir='ltr'>et</span> 
     </span>
     <span class='ocr_line' id='line_1_35' title="bbox 111 2267 1525 2316; baseline -0.006 -9"><span class='ocrx_word' id='word_1_282' title='bbox 111 2273 276 2316; x_wconf 86' lang='lat' dir='ltr'>necdum]</span> <span class='ocrx_word' id='word_1_283' title='bbox 301 2279 337 2307; x_wconf 89' lang='lat' dir='ltr'>et</span> <span class='ocrx_word' id='word_1_284' title='bbox 352 2273 504 2306; x_wconf 87' lang='lat' dir='ltr'>nondum</span> <span class='ocrx_word' id='word_1_285' title='bbox 519 2273 594 2306; x_wconf 90' lang='lat' dir='ltr'>dett.</span> <span class='ocrx_word' id='word_1_286' title='bbox 612 2283 621 2304; x_wconf 73' lang='grc' dir='ltr'><strong>ε</strong></span> <span class='ocrx_word' id='word_1_287' title='bbox 646 2272 794 2305; x_wconf 89' lang='lat' dir='ltr'>necdum</span> <span class='ocrx_word' id='word_1_288' title='bbox 809 2269 992 2312; x_wconf 80' lang='lat' dir='ltr'>Nipperdey</span> <span class='ocrx_word' id='word_1_289' title='bbox 1102 2279 1140 2300; x_wconf 83' lang='lat'>12</span> <span class='ocrx_word' id='word_1_290' title='bbox 1165 2268 1377 2301; x_wconf 85' lang='lat' dir='ltr'>tribunorum</span> <span class='ocrx_word' id='word_1_291' title='bbox 1394 2267 1525 2300; x_wconf 83' lang='lat' dir='ltr'>seclusit</span> 
     </span>
     <span class='ocr_line' id='line_1_36' title="bbox 110 2310 1521 2362; baseline -0.006 -10"><span class='ocrx_word' id='word_1_292' title='bbox 110 2317 296 2362; x_wconf 74' lang='lat' dir='ltr'>Nipperdey</span> <span class='ocrx_word' id='word_1_293' title='bbox 409 2327 449 2358; x_wconf 89' lang='lat'>13</span> <span class='ocrx_word' id='word_1_294' title='bbox 472 2317 607 2349; x_wconf 79' lang='lat' dir='ltr'>adhorti</span> <span class='ocrx_word' id='word_1_295' title='bbox 624 2315 667 2347; x_wconf 92' lang='lat' dir='ltr'><em>M</em></span> <span class='ocrx_word' id='word_1_296' title='bbox 751 2315 912 2355; x_wconf 82' lang='lat' dir='ltr'>longinus</span> <span class='ocrx_word' id='word_1_297' title='bbox 929 2313 971 2344; x_wconf 95' lang='lat' dir='ltr'><em>M</em></span> <span class='ocrx_word' id='word_1_298' title='bbox 1105 2323 1144 2353; x_wconf 88' lang='lat'>14</span> <span class='ocrx_word' id='word_1_299' title='bbox 1169 2313 1288 2344; x_wconf 85' lang='lat' dir='ltr'>ordine</span> <span class='ocrx_word' id='word_1_300' title='bbox 1306 2311 1349 2343; x_wconf 90' lang='lat' dir='ltr'><em>M</em></span> <span class='ocrx_word' id='word_1_301' title='bbox 1435 2310 1521 2344; x_wconf 82' lang='lat' dir='ltr'>mili-</span> 
     </span>
     <span class='ocr_line' id='line_1_37' title="bbox 111 2355 1524 2404; baseline -0.007 -8"><span class='ocrx_word' id='word_1_302' title='bbox 111 2362 180 2396; x_wconf 83' lang='lat' dir='ltr'>tiae</span> <span class='ocrx_word' id='word_1_303' title='bbox 195 2367 391 2404; x_wconf 82' lang='lat' dir='ltr'>provectus,</span> <span class='ocrx_word' id='word_1_304' title='bbox 409 2362 470 2394; x_wconf 91' lang='lat' dir='ltr'>sed</span> <span class='ocrx_word' id='word_1_305' title='bbox 486 2360 536 2393; x_wconf 88' lang='lat' dir='ltr'>Ni</span> <span class='ocrx_word' id='word_1_306' title='bbox 550 2360 670 2404; x_wconf 88' lang='lat' dir='ltr'>perdey</span> <span class='ocrx_word' id='word_1_307' title='bbox 831 2368 871 2399; x_wconf 88' lang='lat'>15</span> <span class='ocrx_word' id='word_1_308' title='bbox 896 2357 1044 2399; x_wconf 88' lang='lat' dir='ltr'>principi</span> <span class='ocrx_word' id='word_1_309' title='bbox 1062 2356 1102 2388; x_wconf 95' lang='lat' dir='ltr'><em>M</em></span> <span class='ocrx_word' id='word_1_310' title='bbox 1107 2356 1117 2377; x_wconf 77' lang='lat'>¹</span> <span class='ocrx_word' id='word_1_311' title='bbox 1136 2368 1143 2388; x_wconf 91' lang='lat'><strong>:</strong></span> <span class='ocrx_word' id='word_1_312' title='bbox 1167 2357 1331 2398; x_wconf 90' lang='lat' dir='ltr'>principis</span> <span class='ocrx_word' id='word_1_313' title='bbox 1345 2355 1389 2387; x_wconf 91' lang='lat' dir='ltr'><em>M</em></span> <span class='ocrx_word' id='word_1_314' title='bbox 1485 2358 1524 2388; x_wconf 89' lang='lat' dir='ltr'>et</span> 
     </span>
     <span class='ocr_line' id='line_1_38' title="bbox 111 2397 1525 2448; baseline -0.006 -8"><span class='ocrx_word' id='word_1_315' title='bbox 111 2408 190 2440; x_wconf 79' lang='lat' dir='ltr'>ante</span> <span class='ocrx_word' id='word_1_316' title='bbox 202 2406 292 2440; x_wconf 81' lang='lat' dir='ltr'>fidus</span> <span class='ocrx_word' id='word_1_317' title='bbox 307 2408 507 2448; x_wconf 83' lang='lat' dir='ltr'>transponen</span> <span class='ocrx_word' id='word_1_318' title='bbox 534 2415 593 2437; x_wconf 89' lang='lat' dir='ltr'>um</span> <span class='ocrx_word' id='word_1_319' title='bbox 609 2404 691 2436; x_wconf 87' lang='lat' dir='ltr'>coni.</span> <span class='ocrx_word' id='word_1_320' title='bbox 709 2402 828 2435; x_wconf 83' lang='lat' dir='ltr'>Meiser</span> <span class='ocrx_word' id='word_1_321' title='bbox 950 2403 989 2433; x_wconf 93' lang='lat'>16</span> <span class='ocrx_word' id='word_1_322' title='bbox 1013 2401 1186 2433; x_wconf 88' lang='lat' dir='ltr'>exercitus</span> <span class='ocrx_word' id='word_1_323' title='bbox 1204 2399 1245 2431; x_wconf 93' lang='lat' dir='ltr'><em>M</em></span> <span class='ocrx_word' id='word_1_324' title='bbox 1251 2400 1264 2420; x_wconf 82' lang='lat'><strong>²</strong></span> <span class='ocrx_word' id='word_1_325' title='bbox 1280 2411 1288 2433; x_wconf 71' lang='grc' dir='ltr'><strong><em>ε</em></strong></span> <span class='ocrx_word' id='word_1_326' title='bbox 1311 2399 1467 2432; x_wconf 85' lang='lat' dir='ltr'>exercitu</span> <span class='ocrx_word' id='word_1_327' title='bbox 1482 2397 1525 2431; x_wconf 91' lang='lat' dir='ltr'><em>M</em></span> 
     </span>
     <span class='ocr_line' id='line_1_39' title="bbox 115 2442 1434 2491; baseline -0.007 -8"><span class='ocrx_word' id='word_1_328' title='bbox 115 2459 154 2491; x_wconf 80' lang='lat'>17</span> <span class='ocrx_word' id='word_1_329' title='bbox 177 2449 299 2484; x_wconf 77' lang='lat' dir='ltr'>festum</span> <span class='ocrx_word' id='word_1_330' title='bbox 314 2449 454 2484; x_wconf 81' lang='lat' dir='ltr'>incestis</span> <span class='ocrx_word' id='word_1_331' title='bbox 470 2447 512 2480; x_wconf 90' lang='lat' dir='ltr'><em>M</em></span> <span class='ocrx_word' id='word_1_332' title='bbox 600 2459 643 2481; x_wconf 87' lang='lat'>20</span> <span class='ocrx_word' id='word_1_333' title='bbox 668 2446 802 2489; x_wconf 84' lang='lat' dir='ltr'>rursus]</span> <span class='ocrx_word' id='word_1_334' title='bbox 821 2455 980 2479; x_wconf 87' lang='lat' dir='ltr'>reversos</span> <span class='ocrx_word' id='word_1_335' title='bbox 991 2444 1176 2484; x_wconf 77' lang='lat' dir='ltr'>D5derlein,</span> <span class='ocrx_word' id='word_1_336' title='bbox 1192 2442 1301 2477; x_wconf 84' lang='lat' dir='ltr'>Halm</span> <span class='ocrx_word' id='word_1_337' title='bbox 1393 2452 1434 2486; x_wconf 75' lang='lat'>2*</span> 
     </span>
    </p>
   </div>
  </div>
 </body>
</html>
