1748 2826
452 144 858 184 HISTORIARVM
891 145 1063 183 LIBER
1095 145 1161 182 III
1451 144 1591 192 11145

106 255 164 298 dii
201 255 383 298 Caesaris
420 255 638 296 videbatur.
696 254 804 295 vinde
851 268 949 307 opes
996 262 1035 295 et
1073 268 1202 295 rerum
1251 254 1518 295 secundarum

106 322 245 362 luxus:
274 327 408 374 spreto
433 320 610 361 Venutio
634 319 684 374 (is
708 320 782 360 fuit
809 321 989 373 maritus)
1015 321 1252 372 armigerum
1276 320 1360 360 eius
1389 322 1521 361 Vello-

105 393 240 427 catum
267 385 310 441 in
336 386 634 429 matrimonium
661 399 909 438 regnumque
937 386 1102 437 accepit.
1163 399 1358 426 concussa
1385 385 1517 425 statim

105 451 255 503 flagitio
274 453 444 493 domus:
473 465 546 503 pro
572 451 714 491 marito
734 450 866 491 studia
886 450 1065 499 civitatis,
1094 465 1166 502 pro
1188 452 1370 490 adultero
1390 450 1518 491 libido
1543 469 1583 492 10

105 515 266 568 reginae
302 524 343 557 et
380 516 553 557 saevitia.
623 516 739 568 igitur
776 516 974 556 Venutius
1021 515 1157 555 accitis
1195 515 1359 563 auxiliis,
1401 515 1520 556 simul

105 580 284 633 ipsorum
314 581 547 633 Brigantum
576 581 802 622 defectione
831 581 872 620 in
902 588 1123 621 extremum
1150 580 1365 620 discrimen
1395 580 1520 622 Carti-

106 647 326 689 manduam
345 646 523 688 adduxit.
581 654 666 686 tum
696 646 819 697 petita
847 660 871 685 a
895 646 1090 686 Romanis
1121 645 1328 697 praesidia.
1387 653 1427 686 et
1456 659 1520 685 co-

105 711 240 752 hottes
277 713 445 764 alaeque
477 718 636 752 nostrae
673 711 788 750 variis
826 711 997 763 proeliis,
1039 723 1220 751 exemere
1254 718 1389 751 tamen
1420 711 1519 763 peri—

106 778 198 818 culo
217 777 394 830 reginam
408 793 420 827 3
448 790 613 829 regnum
634 777 821 825 Venutio,
846 777 996 816 bellum
1016 777 1133 816 nobis
1153 777 1346 817 relictum.
1540 792 1580 825 15

268 842 448 883 Turbata
481 856 551 894 per
584 843 749 883 eosdem
783 841 870 882 dies
901 842 1127 891 Germania,
1159 849 1199 882 et
1233 842 1417 882 socordia
1447 843 1518 883 du·
1535 846 1594 893 46

103 918 212 958 cum,
252 908 449 950 seditione
487 908 701 961 legionum,
737 915 898 948 externa
935 908 984 956 vi,
1021 908 1187 959 perfidia
1218 907 1354 948 sociali
1392 921 1518 959 prope

105 972 268 1015 adflicta
304 975 490 1014 Romana
527 987 599 1014 res.
658 973 699 1013 id
741 974 892 1014 bellum
932 987 1024 1013 cum
1063 973 1193 1014 causis
1231 981 1271 1014 et
1309 973 1518 1014 eventibus

106 1039 276 1092 (etenim
294 1039 452 1092 longius
471 1047 704 1092 provectum
732 1039 811 1092 est)
837 1053 929 1080 mox
957 1039 1279 1080 memorabimus.
1339 1046 1450 1079 mota
1479 1046 1519 1080 et

108 1106 313 1146 Dacorum
349 1118 447 1158 gens
485 1119 706 1157 numquam
738 1106 829 1154 fida,
866 1112 962 1145 tunc
1000 1106 1086 1146 sine
1124 1112 1245 1154 metu,
1285 1105 1465 1145 abducto
1496 1119 1519 1146 e
1539 1120 1558 1154 5

108 1169 266 1211 Moesia
287 1170 474 1211 exercitu.
532 1171 604 1211 sed
623 1172 750 1222 prima
776 1183 908 1211 rerum
934 1170 1058 1222 quieti
1085 1171 1417 1222 speculabantur:
1448 1172 1518 1212 ubi

106 1237 269 1289 flagrare
294 1235 456 1279 Italiam
484 1235 615 1293 bello,
634 1243 781 1278 cuncta
809 1236 851 1275 in
874 1238 1003 1277 vicem
1033 1237 1193 1276 hostilia
1221 1249 1426 1288 accepere,
1457 1251 1519 1277 ex-

106 1300 292 1354 pugnatis
317 1301 543 1342 cohortium
567 1302 799 1353 alarumque
823 1301 1000 1342 hibernis
1028 1309 1197 1353 utraque
1227 1301 1403 1342 Danuvii
1433 1301 1519 1354 ripa

105 1367 372 1420 potiebantur.
416 1366 591 1419 *iamque
617 1375 745 1407 castra
772 1367 975 1419 legionum
1003 1368 1214 1408 excindere
1238 1368 1444 1419 parabant,
1477 1368 1518 1407 ni

107 1432 323 1474 Mucianus
356 1439 508 1474 sextam
539 1434 738 1485 legionem
773 1433 1037 1485 opposuisset,
1080 1434 1364 1475 Cremonensis
1398 1434 1520 1475 victo·
1541 1450 1582 1474 ιο

106 1498 187 1540 riae
209 1511 367 1550 gnaruS,
388 1511 437 1539 ac
459 1511 511 1538 ne
531 1505 692 1539 externa
711 1500 839 1539 moles
865 1499 1066 1551 utrimque
1092 1499 1301 1550 ingrueret,
1325 1499 1357 1539 si
1383 1501 1519 1540 Dacus

107 1565 413 1616 Germanusque
441 1563 585 1605 diversi
614 1563 866 1616 inrupissent.
924 1564 1063 1613 adfuit,
1095 1572 1139 1604 ut
1168 1578 1287 1616 saepe
1312 1564 1419 1613 alias,
1446 1567 1520 1606 for-

107 1637 205 1670 tuna
232 1629 372 1682 populi
401 1629 588 1679 Romani,
619 1643 723 1682 quae
753 1632 990 1671 Mucianum
1020 1630 1192 1682 virisque
1222 1630 1396 1670 Orientis
1427 1631 1520 1672 illuc

107 1695 211 1744 tulit,
222 1702 263 1735 et
281 1695 393 1746 quod
407 1695 631 1736 Cremonae
650 1695 809 1736 interim
826 1695 1099 1748 transegimus.
1136 1694 1327 1735 Fonteius
1343 1696 1521 1748 Agrippa

107 1774 157 1801 ex
177 1759 274 1801 Asia
291 1758 382 1813 (pro
402 1762 567 1802 consule
589 1774 679 1802 eam
706 1761 951 1813 provinciam
975 1775 1112 1802 annuo
1132 1761 1300 1813 imperio
1320 1763 1519 1815 tenuerat)
1543 1779 1581 1812 15

109 1825 291 1866 Moesiae
323 1826 572 1878 praepositus
601 1833 672 1875 est,
702 1826 849 1867 additis
881 1827 1006 1879 copiis
1037 1841 1059 1867 e
1087 1826 1303 1866 Vitelliano
1332 1827 1518 1877 exercitu,

107 1903 230 1944 quem
266 1891 396 1944 spargi
433 1905 504 1944 per
543 1891 766 1943 provincias
805 1900 845 1933 et
892 1900 1055 1934 externo
1093 1893 1200 1933 bello
1239 1891 1392 1944 inligari
1431 1906 1521 1944 pars

107 1956 263 1998 consilii
292 1959 482 2010 pacisque
511 1965 606 1997 erat.

272 2024 360 2063 Nec
398 2030 552 2063 ceterae
590 2022 772 2063 nationes
811 2023 993 2064 silebant.
1065 2023 1196 2064 subita
1233 2037 1304 2075 per
1343 2025 1519 2064 Pontum
1538 2031 1592 2072 47

106 2100 217 2128 arma
255 2087 468 2128 barbarum
511 2087 770 2140 mancipium,
813 2089 942 2140 regiae
983 2091 1190 2141 quondam
1231 2088 1368 2128 classis
1412 2103 1521 2141 prae-

107 2153 247 2201 fectus,
279 2159 469 2192 moverat.
540 2154 572 2191 is
604 2152 676 2192 fuit
709 2152 903 2193 Anicetus
936 2154 1167 2195 Polemonis
1199 2154 1375 2204 libertus,
1412 2168 1520 2206 prae-

107 2254 130 2287 8
152 2253 221 2286 vell
236 2254 385 2287 locatum
401 2255 437 2287 in
454 2265 576 2287 rasura
592 2255 641 2296 M,
660 2266 740 2287 corr.
759 2255 816 2287 Ml

152 2296 219 2340 46.
245 2308 268 2339 3
290 2307 448 2331 romanas
464 2298 515 2340 M,
533 2309 612 2331 corr.
633 2298 691 2330 M¹
859 2311 877 2340 7
906 2300 1079 2334 hostiliam
1097 2301 1141 2332 M
1317 2309 1354 2332 11
1380 2300 1520 2341 ignarus

112 2341 285 2373 Vartlm‘m
420 2352 458 2374 12
482 2341 630 2383 sepelias
646 2342 695 2383 M,
711 2353 791 2376 corr.
806 2355 851 2378 m.
870 2347 1023 2377 recentior
1156 2354 1196 2384 13
1220 2344 1459 2376 mucianunum
1480 2345 1524 2376 M

111 2393 149 2424 14
173 2386 342 2427 transegit
357 2385 407 2427 M,
424 2396 507 2418 corr.
527 2385 586 2418 Ml
722 2389 763 2418 16
785 2389 881 2429 copis
897 2388 942 2420 M

109 2477 123 2504 t
153 2434 226 2505 ⁴3)
240 2438 261 2460 2
284 2430 431 2470 quodam
448 2428 498 2470 M,
515 2441 595 2462 corr.
614 2440 658 2461 m.
677 2432 832 2462 recentior
985 2441 1006 2471 3
1029 2431 1173 2464 libertus
1191 2432 1196 2473 1
1216 2436 1401 2472 prepotens
1418 2430 1518 2466 liber-

125 2482 166 2504 us
