1748 2826
459 141 869 181 HISTORIARVM
902 141 1075 179 LIBER
1105 140 1173 178 111
1451 138 1517 177 111
1539 139 1595 188 65

113 253 268 307 pignori
291 254 465 305 acceptis
479 268 491 302 ς
519 254 638 301 unde,
665 265 911 304 quamquam
940 258 1138 307 manente·
1156 250 1199 290 in
1222 251 1398 302 speciem
1423 263 1519 290 con-

112 318 259 368 cordia,
286 320 526 359 offensarum
553 326 692 370 operta
717 317 1008 357 metuebantur.
1067 315 1206 356 melior
1232 316 1516 367 interpretatio,

113 383 251 425 mitem
273 383 401 424 virum
431 384 643 424 abhorrere
672 397 696 423 a
716 382 909 434 sanguine
928 388 968 422 et
987 380 1190 429 caedibus,
1213 393 1343 432 eoque
1370 380 1518 421 crebris

109 461 203 490 cum
231 449 394 490 Vitellio
423 450 674 489 sermonibus
703 450 755 488 de
786 460 886 500 pace
915 448 1196 499 ponendisque
1220 459 1292 498 per
1315 446 1520 486 condicio·
1541 463 1580 486 10

109 527 203 556 nem
225 515 345 555 armis
373 516 532 568 agitare.
591 528 711 566 saepe
736 513 848 555 domi
876 513 1088 565 congressi,
1114 519 1318 565 postremo
1347 512 1388 551 in
1417 513 1518 552 aede

0 623 9 635 ἶ
109 579 319 634 Apollinis,
364 588 408 621 ut
452 582 559 621 fama
599 580 683 629 fuit,
732 581 929 632 pepigere.
1005 579 1128 619 verba
1167 591 1370 629 vocesque
1412 579 1514 618 duos

0 639 14 690 ξ’
108 645 219 686 testis
247 646 464 695 habebant,
500 645 690 688 Cluvium
717 647 870 685 Rufum
898 652 938 685 et
969 644 1109 685 Silium
1138 643 1350 684 Italicum:
1384 645 1517 684 vultus

106 713 246 765 procul
268 711 504 753 >visentibus
541 712 798 761 notabantur,
827 710 979 750 Vitellii
1017 709 1217 762 proiectus
1255 716 1295 749 et
1328 710 1514 761 degener,

107 777 279 819 Sabinus
299 790 382 819 non
402 777 598 819 insultans
618 785 657 818 et
677 776 879 817 miseranti
900 775 1072 828 propior.
1538 790 1576 822 15

270 845 396 895 Quod
424 843 458 884 si
485 851 569 885 tam
598 844 714 883 facile
747 855 911 883 suorum
940 841 1085 882 mentis
1115 840 1288 881 flexisset
1316 840 1513 890 Vitellius,
1535 842 1596 881 66

105 921 228 962 quam
264 909 351 962 ipse
380 916 562 959 cesserat,
594 908 842 950 incruentam
881 908 1023 948 urbem
1054 906 1292 959 Vespasiani
1321 906 1515 947 exercitus

105 975 299 1016 intrasset.
356 983 534 1017 ceterum
565 982 611 1016 ut
646 974 818 1027 quisque
850 973 1014 1014 Vitellio
1050 974 1167 1022 fidus,
1208 974 1263 1013 ita
1295 985 1437 1024 pacem
1475 980 1515 1013 et

104 1041 366 1083 condiciones
396 1041 640 1089 abnuebant,
671 1041 886 1081 discrimen
915 1052 963 1079 ac
991 1040 1170 1080 dedecus
1198 1045 1446 1079 ostentantes
1474 1045 1515 1078 et

104 1107 228 1147 fidem
251 1106 294 1147 in
316 1106 485 1148 libidine
507 1105 681 1148 victoris.
738 1119 814 1146 nec
836 1112 988 1146 tantam
1008 1105 1260 1156 Vespasiano
1284 1104 1513 1157 superbiam
1534 1118 1554 1152 5

103 1179 148 1212 ut
185 1171 383 1224 privatum
412 1171 620 1213 Vitellium
650 1176 860 1223 pateretur,
894 1183 946 1210 ne
983 1169 1110 1210 victos
1140 1169 1306 1222 quidem
1339 1171 1512 1210 laturos:

103 1237 158 1277 ita
175 1236 396 1289 periculum
417 1251 466 1278 ex
486 1235 769 1277 misericordia.
828 1235 960 1288 ipsum
982 1248 1078 1275 sane
1097 1248 1235 1275 senem
1256 1242 1295 1276 et
1314 1237 1513 1287 prosperis

102 1301 359 1354 adversisque
389 1301 591 1351 satiatum,
627 1302 701 1342 sed
737 1302 850 1354 quod
884 1314 1047 1350 nomen,
1087 1314 1209 1352 quem
1242 1307 1391 1341 statum
1430 1300 1514 1341 filio

102 1366 187 1408 eius
209 1367 454 1408 Germanico
479 1368 595 1409 fore?
649 1380 760 1408 nunc
781 1366 997 1420 pecuniam
1026 1373 1066 1407 et
1091 1366 1283 1406 familiam
1308 1373 1348 1406 et
1372 1366 1512 1406 beatos

101 1431 349 1485 Campaniae
386 1432 499 1473 sinus
525 1432 735 1485 promitti:
779 1440 839 1473 set
876 1432 947 1473 ubi
990 1431 1202 1484 imperium
1240 1432 1511 1483 Vespasianus
1535 1447 1575 1470 10

101 1498 301 1549 invaserit,
337 1511 422 1539 non
459 1497 545 1550 ipsi,
586 1512 669 1538 non
706 1498 845 1539 amicis
884 1498 981 1548 eius,
1003 1511 1087 1538 non
1124 1497 1301 1550 denique
1338 1496 1513 1538 exerciti-

101 1565 177 1606 bus
214 1565 468 1606 securitatem
508 1565 586 1605 nisi
623 1567 801 1606 extincto
842 1567 1003 1606 aemulo
1041 1565 1267 1605 redituram.
1334 1563 1511 1603 ‘Fabium

100 1629 177 1671 illis
206 1632 432 1679 Valentem,
454 1630 659 1683 captivum
690 1639 731 1671 et
765 1631 924 1671 casibus
955 1630 1090 1672 dubiis
1124 1637 1378 1677 reservatum,
1404 1641 1512 1680 prae-

99 1709 261 1748 gravem
282 1695 416 1746 fuisse,
439 1697 591 1737 nedum
615 1696 773 1736 Primus
797 1710 845 1736 ac
866 1698 1020 1737 Fuscus
1047 1703 1087 1736 et
1113 1695 1319 1748 specimen
1338 1694 1510 1747 partium

101 1761 316 1801 Mucianus
337 1763 460 1802 ullam
478 1763 521 1802 in
539 1762 747 1802 Vitellium
770 1761 846 1801 nisi
867 1762 1080 1802 occidendi
1100 1761 1302 1801 licentiam
1322 1761 1509 1800 habeant.
1535 1775 1572 1809 15

101 1839 184 1867 non
205 1839 232 1867 a
257 1827 434 1868 Caesare
457 1827 711 1880 Pompeium,
742 1841 826 1866 non
851 1828 903 1867 ab
932 1830 1117 1879 Augusto
1145 1826 1370 1867 Antonium
1399 1826 1510 1866 inco-

99 1891 218 1933 lumis
247 1892 422 1942 relictos,
455 1892 534 1933 nisi
566 1894 669 1933 forte
701 1892 973 1944 Vespasianus
1002 1892 1161 1932 altiores
1196 1892 1355 1944 spiritus
1387 1900 1508 1943 gerat,

99 1957 250 2000 Vitellii
275 1958 416 2010 cliens,
445 1973 539 2000 cum
558 1958 744 2000 Vitellius
772 1960 925 2011 collega
957 1959 1132 2000 Claudio
1164 1960 1276 1999 foret.
1335 1959 1444 2010 quin,
1467 1966 1510 1999 ut

104 2097 145 2118 ιο
159 2086 394 2136 ponci-»sisque
418 2085 459 2118 M
591 2086 813 2118 condiciones
829 2085 990 2127 Agricola
1128 2094 1167 2126 15
1190 2085 1311 2118 Sabini
1335 2084 1514 2117 Acidalius

99 2131 269 2206 pugg-¹2¹.
282 2129 434 2216 xigspalni
453 2173 494 2205 M
623 2183 644 2214 3
668 2178 703 2205 et
715 2174 850 2215 punctis
859 2178 1036 2215 perperam
1053 2177 1119 2206 not.
1138 2173 1181 2205 M
1183 2174 1193 2194 ¹
1344 2182 1365 2214 5
1389 2183 1510 2214 super-

99 2217 204 2260 biam]
222 2217 414 2249 socordiam
424 2217 544 2249 Mez'ser
667 2219 690 2249 6
712 2219 823 2250 laturo
839 2217 971 2250 Tiedke:
995 2218 1092 2250 lauro
1107 2219 1171 2249 sita
1182 2218 1222 2249 M
1346 2228 1364 2257 7
1389 2227 1508 2249 sanem

101 2261 144 2293 M
275 2271 316 2293 10
338 2260 517 2302 promittis.
535 2265 570 2293 et
586 2261 629 2292 M
775 2271 814 2293 12
838 2266 955 2293 extato
979 2262 1029 2300 M,
1049 2272 1128 2294 corr.
1147 2262 1189 2293 M
1194 2262 1204 2282 ¹
1294 2261 1429 2294 aemulo
1455 2272 1507 2292 re-

99 2305 248 2338 ditur-am
266 2303 475 2338 Rhenanus:
503 2305 690 2337 emulatore
714 2305 862 2337 dituram
879 2305 941 2337 M:
967 2306 1178 2338 aemulatore
1202 2306 1389 2338 redituram
1414 2305 1505 2346 dett„

99 2347 208 2382 Halm
346 2358 385 2390 13
409 2349 557 2391 captium
573 2354 608 2382 et
625 2349 733 2390 captis
749 2350 868 2381 diebus
885 2349 928 2382 M
1072 2359 1110 2390 17
1134 2350 1255 2382 altiore
1272 2349 1316 2381 M
