1748 2826
487 114 895 165 H‘IsToR1ARVM
927 127 1101 165 LIBER
1129 128 1168 165 v
1498 130 1537 167 v
1555 137 1608 167 22

126 237 262 286 lentio,
294 236 350 278 ita
379 243 523 290 coepta
552 237 688 285 caede,
724 249 807 287 quo
838 238 927 288 plus
961 237 1118 277 terroris
1148 239 1354 287 adderent,
1390 246 1536 279 cuncta

125 301 368 343 clamoribus
405 302 640 343 miscebant.
700 303 876 342 Romani
915 303 1145 343 vulneribus
1184 304 1301 344 exciti
1340 313 1535 357 quaerunt
1558 321 1598 345 10

124 380 246 416 arma,
277 374 398 408 ruunt
426 381 496 420 per
523 368 618 417 vias,
650 367 768 419 pauci
798 375 941 407 ornatu
973 367 1143 417 militari,
1174 368 1355 421 plerique
1384 370 1534 411 circum

124 432 288 474 brachia
318 440 421 474 torta
447 440 556 473 veste
590 440 629 473 et
660 432 803 473 strictis
836 432 1106 474 mucronibus.
1160 435 1241 475 dux
1268 436 1534 476 semisomnus

122 511 170 539 ac
203 511 328 552 prope
361 500 532 540 intectus
570 512 700 539 errore
731 498 907 539 hostium
941 506 1140 540 servatur:
1178 513 1353 552 namque
1382 508 1535 553 praeto-

122 562 221 604 riam
244 577 388 604 navem
407 563 551 604 vexillo
574 563 783 615 insignem,
805 563 885 604 illic
912 565 1058 604 ducem
1082 564 1165 614 rati,
1187 565 1399 618 abripiunt.
1459 567 1534 609 Ce-

121 627 228 669 rialis
252 629 349 672 alibi
370 637 533 670 noctem
559 637 703 681 egerat,
732 637 776 669 ut
809 629 988 681 plerique
1020 630 1234 679 credidere,
1266 632 1320 672 ob
1351 640 1531 684 stuprum
1555 645 1593 678 15

121 694 318 735 Claudiae
357 696 540 735 Sacratae
578 696 754 735 mulieris
792 695 933 735 Vbiae.
1003 697 1139 747 vigiles
1178 696 1370 749 flagitium
1414 711 1531 737 suum

121 759 237 800 ducis
275 760 474 801 dedecore
512 761 767 809 excusabant,
803 768 1009 812 tamquam
1048 761 1143 801 iussi
1182 761 1297 802 silere
1335 775 1386 802 ne
1424 762 1532 814 quie-

121 832 204 866 tem
234 826 319 866 eius
349 826 579 876 turbarent;
618 826 672 866 ita
702 825 928 867 intermisso
960 826 1073 878 signo
1104 834 1143 867 et
1173 827 1339 868 vocibus
1366 841 1408 868 se
1435 842 1532 880 quo-

119 903 201 943 que
233 891 276 930 in
313 903 501 931 somnum
534 892 678 943 lapsos.
739 893 864 932 multa
895 893 986 932 luce
1019 891 1165 932 revecti
1196 893 1331 932 hostes
1364 892 1530 945 captivis

119 955 300 1005 navibus,
342 958 580 1008 praetoriam
618 958 818 997 triremem
857 956 1021 997 flumine
1061 956 1190 1008 Lupia
1227 958 1381 998 donum
1415 959 1531 999 Vele·
1553 971 1592 995 20

118 1023 196 1063 dae
215 1029 377 1063 traxere.

284 1087 454 1130 Civilem
493 1090 642 1141 cupido
680 1088 842 1129 incessit
880 1090 1061 1128 navalem
1103 1087 1231 1129 aciem
1276 1090 1529 1130 ostentandi:
1552 1103 1606 1142 23

119 1154 296 1206 complet
326 1155 438 1206 quod
462 1154 673 1195 biremium
697 1167 880 1206 quaeque
911 1154 1081 1205 simplici
1115 1155 1256 1195 ordine
1286 1154 1531 1206 agebantur3

117 1218 276 1259 adiecta
308 1219 448 1272 ingens
481 1219 671 1260 luntrium
705 1219 774 1268 vis,
799 1221 971 1260 tricenos
998 1221 1355 1272 quadragenosque
1386 1222 1528 1270 ferunt,

119 1293 368 1326 armamenta
424 1285 649 1326 Liburnicis
706 1284 848 1334 solita;
907 1292 946 1325 et
1006 1284 1125 1325 simul
1185 1293 1324 1337 captae
1380 1287 1530 1326 luntres

120 1349 266 1402 sagulis
304 1350 609 1392 versicoloribus
647 1351 756 1391 haud
797 1350 987 1391 indecore
1029 1364 1101 1402 pro
1139 1351 1235 1391 velis
1281 1351 1531 1392 iuvabantur.
1551 1365 1569 1398 5

120 1417 293 1468 spatium
319 1417 428 1457 velut
457 1415 642 1468 aequoris
674 1417 846 1457 electum
878 1429 960 1468 quo
993 1417 1136 1456 Mosae
1166 1415 1341 1456 fluminis
1375 1430 1420 1457 os
1451 1430 1532 1457 am·

118 1495 213 1522 nem
252 1483 443 1523 Rhenum
477 1483 647 1523 Oceano
684 1481 883 1522 adfundit.
942 1494 1062 1521 causa
1099 1481 1356 1523 instruendae
1394 1484 1530 1523 classis

117 1560 237 1600 super
267 1548 426 1588 insitam
459 1547 568 1599 genti
597 1547 812 1587 vanitatem
844 1555 888 1587 ut
919 1560 968 1587 eo
995 1554 1142 1587 terrore
1165 1555 1412 1588 commeatus
1439 1548 1530 1589 Gal-

117 1612 170 1652 lia
188 1614 450 1654 adventantes
469 1613 808 1665 interciperentur.
868 1612 1034 1654 Cerialis
1055 1613 1247 1654 miraculo
1267 1615 1391 1665 magis
1407 1628 1526 1666 quam

119 1686 228 1719 metu
266 1678 417 1719 derexit
455 1679 638 1728 classem,
672 1691 841 1719 numero
875 1678 1080 1730 imparem,
1116 1692 1190 1719 usu
1222 1679 1426 1731 remigum,
1462 1693 1530 1732 gu·
1553 1695 1591 1719 10

119 1783 161 1808 ιο
183 1775 335 1809 romanis
350 1775 409 1808 M²
524 1786 561 1808 11
589 1781 711 1808 ornatu
727 1777 767 1809 b:
791 1775 911 1818 ornati}
931 1775 991 1808 Μ2
1097 1785 1137 1816 15
1162 1775 1313 1818 noctem]
1334 1776 1431 1820 nave}
1449 1777 1527 1810 M2:

117 1820 182 1852 alia
203 1821 282 1852 navi
307 1820 404 1861 (det.)
427 1825 563 1853 noctem
584 1820 778 1853 Candidus:
813 1820 878 1852 alia
902 1820 935 1852 in
960 1830 1048 1851 nave
1069 1818 1212 1852 Wurm:
1246 1820 1347 1852 aliter
1368 1831 1467 1861 quam
1493 1822 1528 1853 in

116 1874 204 1896 nave
221 1863 296 1895 Van
310 1863 369 1896 der
385 1864 467 1897 Vliet
625 1866 665 1896 16
688 1864 795 1896 Vbiae
813 1864 1024 1896 Rhenanus:
1044 1863 1099 1895 ubi
1117 1874 1136 1895 e
1154 1863 1196 1895 M
1201 1863 1227 1903 ²,
1245 1874 1264 1895 e
1280 1864 1315 1895 in
1333 1869 1367 1896 et
1386 1866 1532 1897 mutavit

114 1907 229 1939 eadem
248 1918 375 1940 manus
462 1913 497 1940 et
512 1908 636 1949 vigiles
657 1908 808 1941 Walther
936 1917 981 1940 20
1002 1907 1133 1949 velelde
1150 1907 1193 1938 Μ
1196 1906 1220 1946 ²,
1227 1907 1312 1949 fuit,
1331 1911 1369 1939 ut
1387 1908 1525 1951 videtur,

114 1951 279 1984 velaedae
294 1952 364 1984 coll.
382 1952 426 1984 iv.
444 1953 486 1985 61

159 2001 217 2036 23.
247 2005 262 2026 1
288 1995 394 2028 invasi
412 1995 554 2028 incessit
570 1995 628 2028 Μ2
643 2007 650 2027 :
686 1996 798 2028 inanis
814 1994 955 2027 incessit
971 1994 1134 2027 Pichena:
1168 1995 1248 2026 inde
1267 1994 1407 2028 incessit
1422 1995 1528 2028 Hein-

113 2039 196 2080 sius,
214 2038 325 2071 Ritter
496 2050 518 2081 3
541 2040 706 2080 lyntrium
724 2040 767 2071 M
863 2039 1149 2079 quadragenosve
1168 2037 1315 2080 Spengel
1414 2039 1529 2072 ferunt

115 2081 262 2114 Mulier:
304 2087 426 2116 serunt
450 2083 494 2115 M
513 2084 549 2116 in
573 2084 640 2116 Ioco
662 2083 828 2116 evanidot
860 2087 1097 2124 superserunt
1119 2087 1332 2114 armamenta
1354 2094 1415 2116 scr.
1444 2094 1528 2116 seva

114 2131 290 2158 momenta
305 2126 362 2158 Μ2
379 2138 387 2160 :
424 2127 606 2159 serentium
624 2127 821 2169 szontini:
844 2136 973 2158 vexere
989 2126 1129 2158 Meiser:
1164 2126 1314 2158 tricenos
1330 2150 1338 2159 .
1359 2150 1367 2158 .
1386 2151 1394 2159 .
1414 2127 1528 2159 serunt

114 2169 186 2202 secl.
212 2169 338 2201 Maller
415 2174 494 2212 post
519 2172 826 2212 quadragenosque
860 2170 1019 2202 lacunam
1051 2173 1250 2202 notaverunt
1272 2170 1386 2210 Rimr,
1415 2171 1527 2203 Halm

114 2223 135 2253 4
158 2213 235 2254 quis
252 2219 464 2246 armamenta
478 2214 559 2246 olim
574 2214 727 2246 Heraeus
816 2213 918 2246 solite
934 2213 977 2244 M
1057 2213 1196 2255 captae]
1214 2218 1314 2254 aptae
1330 2213 1526 2255 Bipontim‘:

114 2261 212 2288 actae
249 2256 427 2297 Heraeus;
470 2261 547 2300 post
586 2263 707 2299 captae
745 2257 907 2290 lacunam
947 2259 1146 2288 notaverunt
1182 2257 1374 2298 Nipperdey,
1415 2258 1526 2290 Halm

114 2300 259 2342 lynltros
274 2301 318 2333 M
460 2311 481 2342 5
498 2305 578 2343 post
590 2301 856 2334 versicoloribus
874 2301 974 2343 (consi
993 2310 1019 2332 c.
1044 2300 1098 2340 16)
1117 2301 1294 2333 evanidam
1314 2301 1430 2333 codicis
1445 2303 1524 2334 scri-

109 2347 250 2386 pturam
265 2345 489 2420 supBeIrscnpsit
502 2355 596 2378 man.
613 2346 770 2377 recentior
782 2344 872 2387 (M2)
892 2354 995 2385 usque
1008 2343 1057 2376 ad
1069 2344 1159 2376 inter
1177 2355 1206 2377 c.
1227 2354 1281 2385 25.
1308 2355 1329 2376 2
1486 2356 1526 2378 10

113 2397 293 2429 remigium

1375 2444 1436 2478 18*
