<?xml version="1.0" encoding="UTF-8"?>
<!DOCTYPE html PUBLIC "-//W3C//DTD XHTML 1.0 Transitional//EN"
    "http://www.w3.org/TR/xhtml1/DTD/xhtml1-transitional.dtd">
<html xmlns="http://www.w3.org/1999/xhtml" xml:lang="en" lang="en">
 <head>
  <title>
</title>
<meta http-equiv="Content-Type" content="text/html;charset=utf-8" />
  <meta name='ocr-system' content='tesseract 3.04.00' />
  <meta name='ocr-capabilities' content='ocr_page ocr_carea ocr_par ocr_line ocrx_word'/>
</head>
<body>
  <div class='ocr_page' id='page_1' title='image "./historiarumlibri00taciuoft_0080.png"; bbox 0 0 1748 2826; ppageno 0'>
   <div class='ocr_carea' id='block_1_1' title="bbox 1543 0 1748 39">
    <p class='ocr_par' dir='ltr' id='par_1_1' title="bbox 1543 0 1748 39">
     <span class='ocr_line' id='line_1_1' title="bbox 1543 0 1748 39; baseline 0 2787"><span class='ocrx_word' id='word_1_1' title='bbox 1543 0 1748 39; x_wconf 95' lang='lat' dir='ltr'><strong> </strong></span> 
     </span>
    </p>
   </div>
   <div class='ocr_carea' id='block_1_2' title="bbox 207 176 1210 227">
    <p class='ocr_par' dir='ltr' id='par_1_2' title="bbox 207 176 1210 227">
     <span class='ocr_line' id='line_1_2' title="bbox 207 176 1210 227; baseline -0.002 -10"><span class='ocrx_word' id='word_1_2' title='bbox 207 179 314 227; x_wconf 91' lang='lat'><strong>1115</strong></span> <span class='ocrx_word' id='word_1_3' title='bbox 710 177 985 218; x_wconf 78' lang='lat' dir='ltr'>CORNELII</span> <span class='ocrx_word' id='word_1_4' title='bbox 1011 176 1210 217; x_wconf 86' lang='lat' dir='ltr'><strong>TAc1T1</strong></span> 
     </span>
    </p>
   </div>
   <div class='ocr_carea' id='block_1_3' title="bbox 200 288 1662 2088">
    <p class='ocr_par' dir='ltr' id='par_1_3' title="bbox 267 288 1660 471">
     <span class='ocr_line' id='line_1_3' title="bbox 268 288 1660 342; baseline 0 -12"><span class='ocrx_word' id='word_1_5' title='bbox 268 290 441 330; x_wconf 87' lang='lat' dir='ltr'>hortium</span> <span class='ocrx_word' id='word_1_6' title='bbox 462 289 647 341; x_wconf 90' lang='lat' dir='ltr'><strong>praefecti</strong></span> <span class='ocrx_word' id='word_1_7' title='bbox 668 295 886 329; x_wconf 86' lang='lat' dir='ltr'><strong>sustentata</strong></span> <span class='ocrx_word' id='word_1_8' title='bbox 898 288 968 329; x_wconf 90' lang='lat' dir='ltr'><strong>diu</strong></span> <span class='ocrx_word' id='word_1_9' title='bbox 983 288 1068 329; x_wconf 90' lang='lat' dir='ltr'><strong>acie</strong></span> <span class='ocrx_word' id='word_1_10' title='bbox 1082 289 1169 330; x_wconf 91' lang='lat' dir='ltr'><strong>telis</strong></span> <span class='ocrx_word' id='word_1_11' title='bbox 1184 290 1414 330; x_wconf 90' lang='lat' dir='ltr'><strong>obruuntur.</strong></span> <span class='ocrx_word' id='word_1_12' title='bbox 1463 302 1515 342; x_wconf 78' lang='lat' dir='ltr'><strong>ne</strong></span> <span class='ocrx_word' id='word_1_13' title='bbox 1533 290 1660 332; x_wconf 80' lang='lat' dir='ltr'><strong>Otho·</strong></span> 
     </span>
     <span class='ocr_line' id='line_1_4' title="bbox 268 352 1658 407; baseline 0.001 -13"><span class='ocrx_word' id='word_1_14' title='bbox 268 354 398 395; x_wconf 89' lang='lat' dir='ltr'><strong>nianis</strong></span> <span class='ocrx_word' id='word_1_15' title='bbox 423 354 588 406; x_wconf 90' lang='lat' dir='ltr'><strong>quidem</strong></span> <span class='ocrx_word' id='word_1_16' title='bbox 616 353 821 394; x_wconf 90' lang='lat' dir='ltr'><strong>incruenta</strong></span> <span class='ocrx_word' id='word_1_17' title='bbox 849 352 1010 394; x_wconf 89' lang='lat' dir='ltr'><strong>victoria</strong></span> <span class='ocrx_word' id='word_1_18' title='bbox 1038 353 1123 402; x_wconf 87' lang='lat' dir='ltr'><strong>fuit,</strong></span> <span class='ocrx_word' id='word_1_19' title='bbox 1153 367 1323 406; x_wconf 87' lang='lat' dir='ltr'><strong>quorum</strong></span> <span class='ocrx_word' id='word_1_20' title='bbox 1351 353 1574 407; x_wconf 90' lang='lat' dir='ltr'><strong>improvide</strong></span> <span class='ocrx_word' id='word_1_21' title='bbox 1601 367 1658 396; x_wconf 89' lang='lat' dir='ltr'><strong>se-</strong></span> 
     </span>
     <span class='ocr_line' id='line_1_5' title="bbox 267 418 1660 471; baseline -0.001 -10"><span class='ocrx_word' id='word_1_22' title='bbox 267 427 381 461; x_wconf 88' lang='lat' dir='ltr'><strong>cutos</strong></span> <span class='ocrx_word' id='word_1_23' title='bbox 419 419 597 460; x_wconf 91' lang='lat' dir='ltr'><strong>conversi</strong></span> <span class='ocrx_word' id='word_1_24' title='bbox 626 419 778 471; x_wconf 87' lang='lat' dir='ltr'><strong>equites</strong></span> <span class='ocrx_word' id='word_1_25' title='bbox 811 418 1164 459; x_wconf 90' lang='lat' dir='ltr'><strong>circumvenerunt.</strong></span> <span class='ocrx_word' id='word_1_26' title='bbox 1221 432 1268 459; x_wconf 91' lang='lat' dir='ltr'><strong>ac</strong></span> <span class='ocrx_word' id='word_1_27' title='bbox 1304 421 1411 460; x_wconf 89' lang='lat' dir='ltr'><strong>velut</strong></span> <span class='ocrx_word' id='word_1_28' title='bbox 1440 419 1566 471; x_wconf 89' lang='lat' dir='ltr'><strong>pactis</strong></span> <span class='ocrx_word' id='word_1_29' title='bbox 1603 419 1660 459; x_wconf 92' lang='lat' dir='ltr'><strong>in-</strong></span> 
     </span>
    </p>

    <p class='ocr_par' dir='ltr' id='par_1_4' title="bbox 207 483 1660 535">
     <span class='ocr_line' id='line_1_6' title="bbox 207 483 1660 535; baseline -0.001 -10"><span class='ocrx_word' id='word_1_30' title='bbox 207 524 211 528; x_wconf 78' lang='lat'><strong>,</strong></span> <span class='ocrx_word' id='word_1_31' title='bbox 267 484 400 534; x_wconf 91' lang='lat' dir='ltr'><strong>dutiis,</strong></span> <span class='ocrx_word' id='word_1_32' title='bbox 430 498 481 524; x_wconf 90' lang='lat' dir='ltr'><strong>ne</strong></span> <span class='ocrx_word' id='word_1_33' title='bbox 512 483 605 524; x_wconf 91' lang='lat' dir='ltr'><strong>hinc</strong></span> <span class='ocrx_word' id='word_1_34' title='bbox 631 483 765 523; x_wconf 90' lang='lat' dir='ltr'><strong>classis</strong></span> <span class='ocrx_word' id='word_1_35' title='bbox 795 483 889 523; x_wconf 91' lang='lat' dir='ltr'><strong>inde</strong></span> <span class='ocrx_word' id='word_1_36' title='bbox 915 496 1037 535; x_wconf 85' lang='lat' dir='ltr'><strong>eques</strong></span> <span class='ocrx_word' id='word_1_37' title='bbox 1064 483 1236 523; x_wconf 88' lang='lat' dir='ltr'><strong>subitam</strong></span> <span class='ocrx_word' id='word_1_38' title='bbox 1266 483 1520 525; x_wconf 87' lang='lat' dir='ltr'><strong>formidinem</strong></span> <span class='ocrx_word' id='word_1_39' title='bbox 1545 484 1660 525; x_wconf 86' lang='lat' dir='ltr'><strong>infer-</strong></span> 
     </span>
    </p>

    <p class='ocr_par' dir='ltr' id='par_1_5' title="bbox 209 547 1661 666">
     <span class='ocr_line' id='line_1_7' title="bbox 209 547 1661 599; baseline -0.001 -10"><span class='ocrx_word' id='word_1_40' title='bbox 209 566 250 590; x_wconf 92' lang='lat'><strong>10</strong></span> <span class='ocrx_word' id='word_1_41' title='bbox 266 556 364 597; x_wconf 88' lang='lat' dir='ltr'><strong>rent,</strong></span> <span class='ocrx_word' id='word_1_42' title='bbox 394 547 596 588; x_wconf 90' lang='lat' dir='ltr'><strong>Vitelliani</strong></span> <span class='ocrx_word' id='word_1_43' title='bbox 625 555 728 588; x_wconf 89' lang='lat' dir='ltr'><strong>retro</strong></span> <span class='ocrx_word' id='word_1_44' title='bbox 756 547 976 599; x_wconf 88' lang='lat' dir='ltr'>Antipolim</span> <span class='ocrx_word' id='word_1_45' title='bbox 1011 547 1283 588; x_wconf 85' lang='lat' dir='ltr'><strong>Narbonensis</strong></span> <span class='ocrx_word' id='word_1_46' title='bbox 1318 548 1471 589; x_wconf 87' lang='lat' dir='ltr'><strong>Galliae</strong></span> <span class='ocrx_word' id='word_1_47' title='bbox 1497 548 1661 589; x_wconf 87' lang='lat' dir='ltr'><strong>munici-</strong></span> 
     </span>
     <span class='ocr_line' id='line_1_8' title="bbox 266 612 1583 666; baseline 0.001 -13"><span class='ocrx_word' id='word_1_48' title='bbox 266 613 389 666; x_wconf 88' lang='lat' dir='ltr'><strong>pium,</strong></span> <span class='ocrx_word' id='word_1_49' title='bbox 411 613 629 654; x_wconf 82' lang='lat' dir='ltr'><strong>Othoniani</strong></span> <span class='ocrx_word' id='word_1_50' title='bbox 648 613 946 665; x_wconf 86' lang='lat' dir='ltr'><strong>Albingaunum</strong></span> <span class='ocrx_word' id='word_1_51' title='bbox 966 612 1159 653; x_wconf 89' lang='lat' dir='ltr'><strong>interioris</strong></span> <span class='ocrx_word' id='word_1_52' title='bbox 1180 613 1361 664; x_wconf 85' lang='lat' dir='ltr'><strong>Liguriae</strong></span> <span class='ocrx_word' id='word_1_53' title='bbox 1380 620 1583 654; x_wconf 89' lang='lat' dir='ltr'><strong>revertere.</strong></span> 
     </span>
    </p>

    <p class='ocr_par' dir='ltr' id='par_1_6' title="bbox 200 677 1661 925">
     <span class='ocr_line' id='line_1_9' title="bbox 200 677 1660 730; baseline 0.001 -12"><span class='ocrx_word' id='word_1_54' title='bbox 200 686 247 724; x_wconf 90' lang='lat'><strong>16</strong></span> <span class='ocrx_word' id='word_1_55' title='bbox 430 678 632 720; x_wconf 85' lang='lat' dir='ltr'><strong>Corsicam</strong></span> <span class='ocrx_word' id='word_1_56' title='bbox 686 692 734 718; x_wconf 92' lang='lat' dir='ltr'><strong>ac</strong></span> <span class='ocrx_word' id='word_1_57' title='bbox 786 677 1008 718; x_wconf 84' lang='lat' dir='ltr'><strong>Sardiniam</strong></span> <span class='ocrx_word' id='word_1_58' title='bbox 1055 684 1284 729; x_wconf 88' lang='lat' dir='ltr'><strong>ceterasque</strong></span> <span class='ocrx_word' id='word_1_59' title='bbox 1329 678 1497 730; x_wconf 89' lang='lat' dir='ltr'><strong>proximi</strong></span> <span class='ocrx_word' id='word_1_60' title='bbox 1542 678 1660 720; x_wconf 84' lang='lat' dir='ltr'><strong>maris</strong></span> 
     </span>
     <span class='ocr_line' id='line_1_10' title="bbox 267 741 1661 794; baseline 0.002 -12"><span class='ocrx_word' id='word_1_61' title='bbox 267 743 415 784; x_wconf 88' lang='lat' dir='ltr'><strong>insulas</strong></span> <span class='ocrx_word' id='word_1_62' title='bbox 441 744 546 783; x_wconf 83' lang='lat' dir='ltr'><strong>sama</strong></span> <span class='ocrx_word' id='word_1_63' title='bbox 572 742 739 783; x_wconf 89' lang='lat' dir='ltr'><strong>victricis</strong></span> <span class='ocrx_word' id='word_1_64' title='bbox 766 742 900 782; x_wconf 90' lang='lat' dir='ltr'><strong>classis</strong></span> <span class='ocrx_word' id='word_1_65' title='bbox 926 741 967 781; x_wconf 91' lang='lat' dir='ltr'><strong>in</strong></span> <span class='ocrx_word' id='word_1_66' title='bbox 990 741 1165 794; x_wconf 90' lang='lat' dir='ltr'><strong>partibus</strong></span> <span class='ocrx_word' id='word_1_67' title='bbox 1195 742 1368 783; x_wconf 88' lang='lat' dir='ltr'><strong>Othonis</strong></span> <span class='ocrx_word' id='word_1_68' title='bbox 1394 743 1531 784; x_wconf 91' lang='lat' dir='ltr'><strong>tenuit.</strong></span> <span class='ocrx_word' id='word_1_69' title='bbox 1589 745 1661 785; x_wconf 88' lang='lat' dir='ltr'><strong>sed</strong></span> 
     </span>
     <span class='ocr_line' id='line_1_11' title="bbox 267 806 1660 859; baseline 0.001 -11"><span class='ocrx_word' id='word_1_70' title='bbox 267 808 471 849; x_wconf 89' lang='lat' dir='ltr'><strong>Corsicam</strong></span> <span class='ocrx_word' id='word_1_71' title='bbox 495 821 618 859; x_wconf 92' lang='lat' dir='ltr'><strong>prope</strong></span> <span class='ocrx_word' id='word_1_72' title='bbox 646 807 796 848; x_wconf 84' lang='lat' dir='ltr'><strong>adflixit</strong></span> <span class='ocrx_word' id='word_1_73' title='bbox 827 806 998 847; x_wconf 90' lang='lat' dir='ltr'><strong>Decumi</strong></span> <span class='ocrx_word' id='word_1_74' title='bbox 1032 806 1182 847; x_wconf 88' lang='lat' dir='ltr'><strong>Pacarii</strong></span> <span class='ocrx_word' id='word_1_75' title='bbox 1215 808 1476 859; x_wconf 85' lang='lat' dir='ltr'><strong>procuratoris</strong></span> <span class='ocrx_word' id='word_1_76' title='bbox 1509 809 1660 850; x_wconf 80' lang='lat' dir='ltr'><strong>temeri-</strong></span> 
     </span>
     <span class='ocr_line' id='line_1_12' title="bbox 266 871 1658 925; baseline 0.001 -12"><span class='ocrx_word' id='word_1_77' title='bbox 266 881 336 922; x_wconf 86' lang='lat' dir='ltr'><strong>taS,</strong></span> <span class='ocrx_word' id='word_1_78' title='bbox 358 881 467 913; x_wconf 86' lang='lat' dir='ltr'><strong>tanta</strong></span> <span class='ocrx_word' id='word_1_79' title='bbox 492 875 598 913; x_wconf 89' lang='lat' dir='ltr'><strong>mole</strong></span> <span class='ocrx_word' id='word_1_80' title='bbox 626 873 720 913; x_wconf 92' lang='lat' dir='ltr'><strong>belli</strong></span> <span class='ocrx_word' id='word_1_81' title='bbox 744 871 842 912; x_wconf 91' lang='lat' dir='ltr'><strong>nihil</strong></span> <span class='ocrx_word' id='word_1_82' title='bbox 861 872 902 911; x_wconf 92' lang='lat' dir='ltr'><strong>in</strong></span> <span class='ocrx_word' id='word_1_83' title='bbox 928 885 1124 912; x_wconf 89' lang='lat' dir='ltr'><strong>summam</strong></span> <span class='ocrx_word' id='word_1_84' title='bbox 1148 873 1362 924; x_wconf 90' lang='lat' dir='ltr'><strong>profutura,</strong></span> <span class='ocrx_word' id='word_1_85' title='bbox 1383 873 1458 925; x_wconf 87' lang='lat' dir='ltr'><strong>ipsi</strong></span> <span class='ocrx_word' id='word_1_86' title='bbox 1484 874 1658 915; x_wconf 87' lang='lat' dir='ltr'><strong>exitiosa.</strong></span> 
     </span>
    </p>

    <p class='ocr_par' dir='ltr' id='par_1_7' title="bbox 230 936 1662 1249">
     <span class='ocr_line' id='line_1_13' title="bbox 230 936 1661 990; baseline 0.002 -13"><span class='ocrx_word' id='word_1_87' title='bbox 230 954 248 987; x_wconf 86' lang='lat'>5</span> <span class='ocrx_word' id='word_1_88' title='bbox 266 951 439 990; x_wconf 89' lang='lat' dir='ltr'><strong>namque</strong></span> <span class='ocrx_word' id='word_1_89' title='bbox 466 937 638 979; x_wconf 90' lang='lat' dir='ltr'><strong>Othonis</strong></span> <span class='ocrx_word' id='word_1_90' title='bbox 664 937 759 978; x_wconf 93' lang='lat' dir='ltr'><strong>odio</strong></span> <span class='ocrx_word' id='word_1_91' title='bbox 785 937 917 977; x_wconf 91' lang='lat' dir='ltr'><strong>iuvare</strong></span> <span class='ocrx_word' id='word_1_92' title='bbox 940 936 1144 976; x_wconf 88' lang='lat' dir='ltr'><strong>Vitellium</strong></span> <span class='ocrx_word' id='word_1_93' title='bbox 1174 937 1389 978; x_wconf 91' lang='lat' dir='ltr'><strong>Corsorum</strong></span> <span class='ocrx_word' id='word_1_94' title='bbox 1414 938 1562 979; x_wconf 89' lang='lat' dir='ltr'><strong>viribus</strong></span> <span class='ocrx_word' id='word_1_95' title='bbox 1588 947 1661 980; x_wconf 89' lang='lat' dir='ltr'><strong>sta-</strong></span> 
     </span>
     <span class='ocr_line' id='line_1_14' title="bbox 267 1001 1660 1056; baseline 0.001 -13"><span class='ocrx_word' id='word_1_96' title='bbox 267 1003 351 1051; x_wconf 88' lang='lat' dir='ltr'><strong>tuit,</strong></span> <span class='ocrx_word' id='word_1_97' title='bbox 383 1002 491 1043; x_wconf 90' lang='lat' dir='ltr'><strong>inani</strong></span> <span class='ocrx_word' id='word_1_98' title='bbox 523 1002 668 1042; x_wconf 89' lang='lat' dir='ltr'><strong>auxilio</strong></span> <span class='ocrx_word' id='word_1_99' title='bbox 697 1002 817 1042; x_wconf 90' lang='lat' dir='ltr'><strong>etiam</strong></span> <span class='ocrx_word' id='word_1_100' title='bbox 855 1002 888 1041; x_wconf 91' lang='lat' dir='ltr'><strong>si</strong></span> <span class='ocrx_word' id='word_1_101' title='bbox 919 1001 1172 1053; x_wconf 88' lang='lat' dir='ltr'><strong>provenisset.</strong></span> <span class='ocrx_word' id='word_1_102' title='bbox 1231 1002 1380 1043; x_wconf 87' lang='lat' dir='ltr'><strong>vocatis</strong></span> <span class='ocrx_word' id='word_1_103' title='bbox 1417 1003 1660 1056; x_wconf 89' lang='lat' dir='ltr'><strong>principibus</strong></span> 
     </span>
     <span class='ocr_line' id='line_1_15' title="bbox 266 1066 1661 1119; baseline 0.002 -12"><span class='ocrx_word' id='word_1_104' title='bbox 266 1068 418 1108; x_wconf 88' lang='lat' dir='ltr'><strong>insulae</strong></span> <span class='ocrx_word' id='word_1_105' title='bbox 451 1067 660 1109; x_wconf 90' lang='lat' dir='ltr'><strong>consilium</strong></span> <span class='ocrx_word' id='word_1_106' title='bbox 697 1067 832 1119; x_wconf 87' lang='lat' dir='ltr'><strong>aperit,</strong></span> <span class='ocrx_word' id='word_1_107' title='bbox 871 1073 910 1106; x_wconf 92' lang='lat' dir='ltr'><strong>et</strong></span> <span class='ocrx_word' id='word_1_108' title='bbox 948 1073 1085 1106; x_wconf 89' lang='lat' dir='ltr'><strong>contra</strong></span> <span class='ocrx_word' id='word_1_109' title='bbox 1122 1066 1253 1107; x_wconf 93' lang='lat' dir='ltr'><strong>dicere</strong></span> <span class='ocrx_word' id='word_1_110' title='bbox 1285 1080 1414 1116; x_wconf 87' lang='lat' dir='ltr'><strong>auSOS,</strong></span> <span class='ocrx_word' id='word_1_111' title='bbox 1447 1068 1661 1110; x_wconf 83' lang='lat' dir='ltr'><strong>Claudium</strong></span> 
     </span>
     <span class='ocr_line' id='line_1_16' title="bbox 267 1131 1661 1184; baseline 0.001 -12"><span class='ocrx_word' id='word_1_112' title='bbox 267 1133 497 1184; x_wconf 92' lang='lat' dir='ltr'><strong>Pyrrichum</strong></span> <span class='ocrx_word' id='word_1_113' title='bbox 535 1132 789 1173; x_wconf 85' lang='lat' dir='ltr'><strong>trierarchum</strong></span> <span class='ocrx_word' id='word_1_114' title='bbox 823 1131 1124 1172; x_wconf 87' lang='lat' dir='ltr'><strong>Liburnicarum</strong></span> <span class='ocrx_word' id='word_1_115' title='bbox 1154 1131 1211 1171; x_wconf 91' lang='lat' dir='ltr'><strong>ibi</strong></span> <span class='ocrx_word' id='word_1_116' title='bbox 1243 1131 1415 1181; x_wconf 91' lang='lat' dir='ltr'><strong>navium,</strong></span> <span class='ocrx_word' id='word_1_117' title='bbox 1450 1132 1661 1183; x_wconf 88' lang='lat' dir='ltr'><strong>Quintium</strong></span> 
     </span>
     <span class='ocr_line' id='line_1_17' title="bbox 268 1195 1662 1249; baseline -0.001 -10"><span class='ocrx_word' id='word_1_118' title='bbox 268 1199 431 1239; x_wconf 90' lang='lat' dir='ltr'><strong>Certum</strong></span> <span class='ocrx_word' id='word_1_119' title='bbox 460 1197 634 1249; x_wconf 91' lang='lat' dir='ltr'><strong>equitem</strong></span> <span class='ocrx_word' id='word_1_120' title='bbox 656 1199 897 1245; x_wconf 89' lang='lat' dir='ltr'><strong>Romanum,</strong></span> <span class='ocrx_word' id='word_1_121' title='bbox 920 1195 1085 1236; x_wconf 91' lang='lat' dir='ltr'><strong>interfici</strong></span> <span class='ocrx_word' id='word_1_122' title='bbox 1105 1196 1239 1236; x_wconf 87' lang='lat' dir='ltr'><strong>iubet:</strong></span> <span class='ocrx_word' id='word_1_123' title='bbox 1262 1209 1432 1248; x_wconf 91' lang='lat' dir='ltr'><strong>quorum</strong></span> <span class='ocrx_word' id='word_1_124' title='bbox 1452 1204 1579 1238; x_wconf 91' lang='lat' dir='ltr'><strong>morte</strong></span> <span class='ocrx_word' id='word_1_125' title='bbox 1601 1211 1662 1238; x_wconf 89' lang='lat' dir='ltr'><strong>ex-</strong></span> 
     </span>
    </p>

    <p class='ocr_par' dir='ltr' id='par_1_8' title="bbox 210 1260 1662 1572">
     <span class='ocr_line' id='line_1_18' title="bbox 210 1260 1662 1314; baseline 0.002 -15"><span class='ocrx_word' id='word_1_126' title='bbox 210 1276 249 1300; x_wconf 88' lang='lat'><strong>10</strong></span> <span class='ocrx_word' id='word_1_127' title='bbox 267 1262 388 1303; x_wconf 88' lang='lat' dir='ltr'><strong>territi</strong></span> <span class='ocrx_word' id='word_1_128' title='bbox 416 1262 483 1314; x_wconf 91' lang='lat' dir='ltr'><strong>qui</strong></span> <span class='ocrx_word' id='word_1_129' title='bbox 513 1263 687 1310; x_wconf 87' lang='lat' dir='ltr'><strong>aderant,</strong></span> <span class='ocrx_word' id='word_1_130' title='bbox 717 1261 835 1301; x_wconf 90' lang='lat' dir='ltr'><strong>simul</strong></span> <span class='ocrx_word' id='word_1_131' title='bbox 866 1260 999 1312; x_wconf 85' lang='lat' dir='ltr'><strong>ignara</strong></span> <span class='ocrx_word' id='word_1_132' title='bbox 1033 1267 1072 1300; x_wconf 91' lang='lat' dir='ltr'><strong>et</strong></span> <span class='ocrx_word' id='word_1_133' title='bbox 1097 1260 1218 1301; x_wconf 89' lang='lat' dir='ltr'><strong>alieni</strong></span> <span class='ocrx_word' id='word_1_134' title='bbox 1246 1268 1376 1301; x_wconf 89' lang='lat' dir='ltr'><strong>metus</strong></span> <span class='ocrx_word' id='word_1_135' title='bbox 1405 1261 1514 1302; x_wconf 90' lang='lat' dir='ltr'><strong>socia</strong></span> <span class='ocrx_word' id='word_1_136' title='bbox 1541 1263 1662 1314; x_wconf 88' lang='lat' dir='ltr'><strong>impe-</strong></span> 
     </span>
     <span class='ocr_line' id='line_1_19' title="bbox 267 1324 1660 1375; baseline 0 -8"><span class='ocrx_word' id='word_1_137' title='bbox 267 1327 429 1367; x_wconf 90' lang='lat' dir='ltr'><strong>ritorum</strong></span> <span class='ocrx_word' id='word_1_138' title='bbox 463 1327 578 1367; x_wconf 91' lang='lat' dir='ltr'><strong>turba</strong></span> <span class='ocrx_word' id='word_1_139' title='bbox 610 1326 651 1365; x_wconf 92' lang='lat' dir='ltr'><strong>in</strong></span> <span class='ocrx_word' id='word_1_140' title='bbox 685 1326 804 1365; x_wconf 88' lang='lat' dir='ltr'><strong>verba</strong></span> <span class='ocrx_word' id='word_1_141' title='bbox 834 1324 982 1365; x_wconf 91' lang='lat' dir='ltr'><strong>Vitellii</strong></span> <span class='ocrx_word' id='word_1_142' title='bbox 1017 1324 1206 1366; x_wconf 86' lang='lat' dir='ltr'><strong>iuravere.</strong></span> <span class='ocrx_word' id='word_1_143' title='bbox 1258 1326 1331 1366; x_wconf 90' lang='lat' dir='ltr'><strong>sed</strong></span> <span class='ocrx_word' id='word_1_144' title='bbox 1363 1325 1433 1366; x_wconf 92' lang='lat' dir='ltr'><strong>ubi</strong></span> <span class='ocrx_word' id='word_1_145' title='bbox 1470 1325 1660 1375; x_wconf 87' lang='lat' dir='ltr'><strong>dilectum</strong></span> 
     </span>
     <span class='ocr_line' id='line_1_20' title="bbox 266 1388 1662 1443; baseline 0.001 -12"><span class='ocrx_word' id='word_1_146' title='bbox 266 1405 380 1443; x_wconf 87' lang='lat' dir='ltr'><strong>agere</strong></span> <span class='ocrx_word' id='word_1_147' title='bbox 409 1390 592 1431; x_wconf 88' lang='lat' dir='ltr'><strong>Pacarius</strong></span> <span class='ocrx_word' id='word_1_148' title='bbox 621 1397 661 1430; x_wconf 88' lang='lat' dir='ltr'><strong>et</strong></span> <span class='ocrx_word' id='word_1_149' title='bbox 689 1389 915 1430; x_wconf 89' lang='lat' dir='ltr'><strong>inconditos</strong></span> <span class='ocrx_word' id='word_1_150' title='bbox 944 1389 1126 1430; x_wconf 91' lang='lat' dir='ltr'><strong>homines</strong></span> <span class='ocrx_word' id='word_1_151' title='bbox 1156 1388 1316 1442; x_wconf 87' lang='lat' dir='ltr'><strong>fatigare</strong></span> <span class='ocrx_word' id='word_1_152' title='bbox 1345 1389 1507 1431; x_wconf 90' lang='lat' dir='ltr'><strong>militiae</strong></span> <span class='ocrx_word' id='word_1_153' title='bbox 1527 1404 1662 1432; x_wconf 77' lang='lat' dir='ltr'><strong>mune·</strong></span> 
     </span>
     <span class='ocr_line' id='line_1_21' title="bbox 266 1453 1660 1506; baseline 0.001 -11"><span class='ocrx_word' id='word_1_154' title='bbox 266 1456 373 1496; x_wconf 92' lang='lat' dir='ltr'><strong>ribus</strong></span> <span class='ocrx_word' id='word_1_155' title='bbox 411 1455 576 1506; x_wconf 92' lang='lat' dir='ltr'><strong>occepit,</strong></span> <span class='ocrx_word' id='word_1_156' title='bbox 622 1454 798 1494; x_wconf 90' lang='lat' dir='ltr'><strong>laborem</strong></span> <span class='ocrx_word' id='word_1_157' title='bbox 835 1453 1038 1494; x_wconf 90' lang='lat' dir='ltr'><strong>insolitum</strong></span> <span class='ocrx_word' id='word_1_158' title='bbox 1076 1454 1205 1506; x_wconf 91' lang='lat' dir='ltr'><strong>perosi</strong></span> <span class='ocrx_word' id='word_1_159' title='bbox 1242 1454 1510 1495; x_wconf 87' lang='lat' dir='ltr'><strong>infirmitatem</strong></span> <span class='ocrx_word' id='word_1_160' title='bbox 1547 1468 1660 1496; x_wconf 90' lang='lat' dir='ltr'><strong>suam</strong></span> 
     </span>
     <span class='ocr_line' id='line_1_22' title="bbox 266 1518 1661 1572; baseline 0.001 -12"><span class='ocrx_word' id='word_1_161' title='bbox 266 1520 524 1572; x_wconf 90' lang='lat' dir='ltr'><strong>reputabant:</strong></span> <span class='ocrx_word' id='word_1_162' title='bbox 554 1518 723 1559; x_wconf 88' lang='lat' dir='ltr'><strong>insulam</strong></span> <span class='ocrx_word' id='word_1_163' title='bbox 754 1531 841 1559; x_wconf 89' lang='lat' dir='ltr'><strong>esse</strong></span> <span class='ocrx_word' id='word_1_164' title='bbox 874 1531 993 1569; x_wconf 92' lang='lat' dir='ltr'><strong>quam</strong></span> <span class='ocrx_word' id='word_1_165' title='bbox 1027 1518 1254 1568; x_wconf 88' lang='lat' dir='ltr'><strong>incolerent,</strong></span> <span class='ocrx_word' id='word_1_166' title='bbox 1287 1526 1326 1559; x_wconf 93' lang='lat' dir='ltr'><strong>et</strong></span> <span class='ocrx_word' id='word_1_167' title='bbox 1354 1520 1472 1571; x_wconf 91' lang='lat' dir='ltr'><strong>longe</strong></span> <span class='ocrx_word' id='word_1_168' title='bbox 1501 1520 1661 1562; x_wconf 86' lang='lat' dir='ltr'><strong>Germa-</strong></span> 
     </span>
    </p>

    <p class='ocr_par' dir='ltr' id='par_1_9' title="bbox 209 1583 1662 1894">
     <span class='ocr_line' id='line_1_23' title="bbox 209 1583 1660 1636; baseline 0.001 -12"><span class='ocrx_word' id='word_1_169' title='bbox 209 1601 246 1635; x_wconf 86' lang='lat'><strong>15</strong></span> <span class='ocrx_word' id='word_1_170' title='bbox 265 1585 372 1624; x_wconf 90' lang='lat' dir='ltr'><strong>niam</strong></span> <span class='ocrx_word' id='word_1_171' title='bbox 403 1584 573 1635; x_wconf 80' lang='lat' dir='ltr'><strong>viriSque</strong></span> <span class='ocrx_word' id='word_1_172' title='bbox 610 1583 837 1634; x_wconf 83' lang='lat' dir='ltr'><strong>legionum3</strong></span> <span class='ocrx_word' id='word_1_173' title='bbox 878 1583 1052 1635; x_wconf 90' lang='lat' dir='ltr'><strong>direptos</strong></span> <span class='ocrx_word' id='word_1_174' title='bbox 1091 1590 1344 1636; x_wconf 86' lang='lat' dir='ltr'><strong>vastatosque</strong></span> <span class='ocrx_word' id='word_1_175' title='bbox 1379 1586 1504 1625; x_wconf 89' lang='lat' dir='ltr'><strong>classe</strong></span> <span class='ocrx_word' id='word_1_176' title='bbox 1541 1584 1660 1625; x_wconf 88' lang='lat' dir='ltr'><strong>etiam</strong></span> 
     </span>
     <span class='ocr_line' id='line_1_24' title="bbox 266 1648 1658 1701; baseline 0 -12"><span class='ocrx_word' id='word_1_177' title='bbox 266 1662 365 1701; x_wconf 92' lang='lat' dir='ltr'><strong>quos</strong></span> <span class='ocrx_word' id='word_1_178' title='bbox 395 1650 577 1689; x_wconf 90' lang='lat' dir='ltr'><strong>cohortes</strong></span> <span class='ocrx_word' id='word_1_179' title='bbox 606 1649 771 1700; x_wconf 88' lang='lat' dir='ltr'><strong>alaeque</strong></span> <span class='ocrx_word' id='word_1_180' title='bbox 799 1654 1057 1700; x_wconf 88' lang='lat' dir='ltr'><strong>protegerent.</strong></span> <span class='ocrx_word' id='word_1_181' title='bbox 1116 1655 1155 1688; x_wconf 90' lang='lat' dir='ltr'><strong>et</strong></span> <span class='ocrx_word' id='word_1_182' title='bbox 1182 1648 1307 1688; x_wconf 90' lang='lat' dir='ltr'><strong>aversi</strong></span> <span class='ocrx_word' id='word_1_183' title='bbox 1336 1656 1497 1701; x_wconf 90' lang='lat' dir='ltr'><strong>repente</strong></span> <span class='ocrx_word' id='word_1_184' title='bbox 1524 1649 1658 1699; x_wconf 88' lang='lat' dir='ltr'><strong>animi,</strong></span> 
     </span>
     <span class='ocr_line' id='line_1_25' title="bbox 265 1711 1662 1766; baseline 0.001 -14"><span class='ocrx_word' id='word_1_185' title='bbox 265 1727 339 1754; x_wconf 91' lang='lat' dir='ltr'><strong>nec</strong></span> <span class='ocrx_word' id='word_1_186' title='bbox 368 1720 501 1753; x_wconf 89' lang='lat' dir='ltr'><strong>tamen</strong></span> <span class='ocrx_word' id='word_1_187' title='bbox 529 1719 666 1764; x_wconf 89' lang='lat' dir='ltr'><strong>aperta</strong></span> <span class='ocrx_word' id='word_1_188' title='bbox 689 1711 753 1753; x_wconf 86' lang='lat' dir='ltr'><strong>vi:</strong></span> <span class='ocrx_word' id='word_1_189' title='bbox 787 1719 924 1764; x_wconf 89' lang='lat' dir='ltr'><strong>aptum</strong></span> <span class='ocrx_word' id='word_1_190' title='bbox 954 1720 1112 1764; x_wconf 88' lang='lat' dir='ltr'><strong>tempus</strong></span> <span class='ocrx_word' id='word_1_191' title='bbox 1138 1711 1292 1753; x_wconf 90' lang='lat' dir='ltr'><strong>insidiis</strong></span> <span class='ocrx_word' id='word_1_192' title='bbox 1321 1714 1462 1765; x_wconf 90' lang='lat' dir='ltr'><strong>legere.</strong></span> <span class='ocrx_word' id='word_1_193' title='bbox 1518 1713 1662 1766; x_wconf 87' lang='lat' dir='ltr'><strong>digres-</strong></span> 
     </span>
     <span class='ocr_line' id='line_1_26' title="bbox 265 1776 1661 1829; baseline 0 -12"><span class='ocrx_word' id='word_1_194' title='bbox 265 1778 317 1818; x_wconf 92' lang='lat' dir='ltr'><strong>sis</strong></span> <span class='ocrx_word' id='word_1_195' title='bbox 346 1777 415 1829; x_wconf 89' lang='lat' dir='ltr'><strong>qui</strong></span> <span class='ocrx_word' id='word_1_196' title='bbox 443 1776 650 1817; x_wconf 88' lang='lat' dir='ltr'><strong>Pacarium</strong></span> <span class='ocrx_word' id='word_1_197' title='bbox 684 1777 1000 1828; x_wconf 87' lang='lat' dir='ltr'><strong>frequentabant,</strong></span> <span class='ocrx_word' id='word_1_198' title='bbox 1034 1778 1165 1818; x_wconf 89' lang='lat' dir='ltr'><strong>nudus</strong></span> <span class='ocrx_word' id='word_1_199' title='bbox 1196 1784 1235 1818; x_wconf 92' lang='lat' dir='ltr'><strong>et</strong></span> <span class='ocrx_word' id='word_1_200' title='bbox 1260 1777 1393 1817; x_wconf 90' lang='lat' dir='ltr'><strong>auxilii</strong></span> <span class='ocrx_word' id='word_1_201' title='bbox 1420 1777 1536 1829; x_wconf 90' lang='lat' dir='ltr'><strong>inops</strong></span> <span class='ocrx_word' id='word_1_202' title='bbox 1567 1777 1661 1818; x_wconf 89' lang='lat' dir='ltr'><strong>bali-</strong></span> 
     </span>
     <span class='ocr_line' id='line_1_27' title="bbox 266 1841 1660 1894; baseline 0 -12"><span class='ocrx_word' id='word_1_203' title='bbox 266 1842 349 1882; x_wconf 91' lang='lat' dir='ltr'><strong>neis</strong></span> <span class='ocrx_word' id='word_1_204' title='bbox 370 1841 600 1882; x_wconf 88' lang='lat' dir='ltr'><strong>interficitur</strong></span> <span class='ocrx_word' id='word_1_205' title='bbox 613 1856 625 1891; x_wconf 81' lang='lat'><em>3</em></span> <span class='ocrx_word' id='word_1_206' title='bbox 652 1841 836 1882; x_wconf 90' lang='lat' dir='ltr'><strong>trucidati</strong></span> <span class='ocrx_word' id='word_1_207' title='bbox 865 1849 904 1881; x_wconf 92' lang='lat' dir='ltr'><strong>et</strong></span> <span class='ocrx_word' id='word_1_208' title='bbox 933 1841 1109 1882; x_wconf 92' lang='lat' dir='ltr'><strong>comites.</strong></span> <span class='ocrx_word' id='word_1_209' title='bbox 1168 1841 1297 1894; x_wconf 90' lang='lat' dir='ltr'><strong>capita</strong></span> <span class='ocrx_word' id='word_1_210' title='bbox 1322 1848 1366 1881; x_wconf 89' lang='lat' dir='ltr'><strong>ut</strong></span> <span class='ocrx_word' id='word_1_211' title='bbox 1390 1841 1564 1882; x_wconf 90' lang='lat' dir='ltr'><strong>hostium</strong></span> <span class='ocrx_word' id='word_1_212' title='bbox 1585 1841 1660 1894; x_wconf 90' lang='lat' dir='ltr'><strong>ipsi</strong></span> 
     </span>
    </p>

    <p class='ocr_par' dir='ltr' id='par_1_10' title="bbox 207 1906 1659 2088">
     <span class='ocr_line' id='line_1_28' title="bbox 207 1906 1659 1958; baseline 0.001 -14"><span class='ocrx_word' id='word_1_213' title='bbox 207 1921 248 1945; x_wconf 83' lang='lat'><strong>20</strong></span> <span class='ocrx_word' id='word_1_214' title='bbox 266 1907 537 1947; x_wconf 89' lang='lat' dir='ltr'><strong>interfectores</strong></span> <span class='ocrx_word' id='word_1_215' title='bbox 561 1906 616 1947; x_wconf 91' lang='lat' dir='ltr'><strong>ad</strong></span> <span class='ocrx_word' id='word_1_216' title='bbox 643 1907 849 1948; x_wconf 91' lang='lat' dir='ltr'><strong>Othonem</strong></span> <span class='ocrx_word' id='word_1_217' title='bbox 875 1907 1028 1955; x_wconf 82' lang='lat' dir='ltr'><strong>tulere3</strong></span> <span class='ocrx_word' id='word_1_218' title='bbox 1063 1919 1193 1957; x_wconf 91' lang='lat' dir='ltr'><strong>neque</strong></span> <span class='ocrx_word' id='word_1_219' title='bbox 1219 1919 1288 1946; x_wconf 90' lang='lat' dir='ltr'><strong>eos</strong></span> <span class='ocrx_word' id='word_1_220' title='bbox 1319 1911 1388 1945; x_wconf 89' lang='lat' dir='ltr'><strong>aut</strong></span> <span class='ocrx_word' id='word_1_221' title='bbox 1414 1906 1525 1947; x_wconf 89' lang='lat' dir='ltr'><strong>Otho</strong></span> <span class='ocrx_word' id='word_1_222' title='bbox 1552 1919 1659 1958; x_wconf 88' lang='lat' dir='ltr'><strong>prae-</strong></span> 
     </span>
     <span class='ocr_line' id='line_1_29' title="bbox 265 1969 1659 2023; baseline 0.001 -12"><span class='ocrx_word' id='word_1_223' title='bbox 265 1971 348 2012; x_wconf 91' lang='lat' dir='ltr'><strong>mio</strong></span> <span class='ocrx_word' id='word_1_224' title='bbox 374 1970 522 2012; x_wconf 85' lang='lat' dir='ltr'><strong>adfecit</strong></span> <span class='ocrx_word' id='word_1_225' title='bbox 547 1978 616 2011; x_wconf 90' lang='lat' dir='ltr'><strong>aut</strong></span> <span class='ocrx_word' id='word_1_226' title='bbox 642 1971 769 2023; x_wconf 88' lang='lat' dir='ltr'><strong>puniit</strong></span> <span class='ocrx_word' id='word_1_227' title='bbox 793 1970 986 2019; x_wconf 89' lang='lat' dir='ltr'><strong>Vitellius,</strong></span> <span class='ocrx_word' id='word_1_228' title='bbox 1009 1970 1049 2010; x_wconf 93' lang='lat' dir='ltr'><strong>in</strong></span> <span class='ocrx_word' id='word_1_229' title='bbox 1074 1972 1197 2010; x_wconf 91' lang='lat' dir='ltr'><strong>multa</strong></span> <span class='ocrx_word' id='word_1_230' title='bbox 1223 1969 1405 2010; x_wconf 90' lang='lat' dir='ltr'><strong>conluvie</strong></span> <span class='ocrx_word' id='word_1_231' title='bbox 1427 1983 1557 2012; x_wconf 85' lang='lat' dir='ltr'><strong>rerum</strong></span> <span class='ocrx_word' id='word_1_232' title='bbox 1580 1983 1659 2012; x_wconf 90' lang='lat' dir='ltr'><strong>ma-</strong></span> 
     </span>
     <span class='ocr_line' id='line_1_30' title="bbox 265 2035 831 2088; baseline -0.004 -11"><span class='ocrx_word' id='word_1_233' title='bbox 265 2037 412 2078; x_wconf 88' lang='lat' dir='ltr'><strong>ioribus</strong></span> <span class='ocrx_word' id='word_1_234' title='bbox 433 2035 587 2088; x_wconf 88' lang='lat' dir='ltr'><strong>flagitiis</strong></span> <span class='ocrx_word' id='word_1_235' title='bbox 608 2036 831 2088; x_wconf 89' lang='lat' dir='ltr'><strong>permixtos.</strong></span> 
     </span>
    </p>
   </div>
   <div class='ocr_carea' id='block_1_4' title="bbox 264 2137 1656 2309">
    <p class='ocr_par' dir='ltr' id='par_1_11' title="bbox 264 2137 1444 2181">
     <span class='ocr_line' id='line_1_31' title="bbox 264 2137 1444 2181; baseline 0 -11"><span class='ocrx_word' id='word_1_236' title='bbox 264 2150 286 2181; x_wconf 92' lang='lat'><strong>9</strong></span> <span class='ocrx_word' id='word_1_237' title='bbox 309 2149 353 2171; x_wconf 87' lang='lat' dir='ltr'><strong>ne</strong></span> <span class='ocrx_word' id='word_1_238' title='bbox 370 2138 425 2171; x_wconf 86' lang='lat' dir='ltr'><strong>M¹</strong></span> <span class='ocrx_word' id='word_1_239' title='bbox 441 2151 448 2172; x_wconf 92' lang='lat'><strong>:</strong></span> <span class='ocrx_word' id='word_1_240' title='bbox 471 2148 534 2170; x_wconf 90' lang='lat' dir='ltr'><strong>nec</strong></span> <span class='ocrx_word' id='word_1_241' title='bbox 550 2137 593 2169; x_wconf 93' lang='lat' dir='ltr'><em>M</em></span> <span class='ocrx_word' id='word_1_242' title='bbox 724 2149 760 2170; x_wconf 89' lang='lat'><strong>11</strong></span> <span class='ocrx_word' id='word_1_243' title='bbox 785 2138 1021 2179; x_wconf 86' lang='lat' dir='ltr'><strong>albingaunum</strong></span> <span class='ocrx_word' id='word_1_244' title='bbox 1039 2138 1111 2171; x_wconf 80' lang='lat' dir='ltr'><strong>dett.</strong></span> <span class='ocrx_word' id='word_1_245' title='bbox 1130 2149 1138 2171; x_wconf 75' lang='lat' dir='ltr'><em>z</em></span> <span class='ocrx_word' id='word_1_246' title='bbox 1169 2137 1386 2179; x_wconf 82' lang='lat' dir='ltr'><strong>albigaunum</strong></span> <span class='ocrx_word' id='word_1_247' title='bbox 1402 2137 1444 2170; x_wconf 88' lang='lat' dir='ltr'><em>M</em></span> 
     </span>
    </p>

    <p class='ocr_par' dir='ltr' id='par_1_12' title="bbox 266 2181 1656 2309">
     <span class='ocr_line' id='line_1_32' title="bbox 312 2181 1656 2223; baseline -0.001 -8"><span class='ocrx_word' id='word_1_248' title='bbox 312 2184 361 2215; x_wconf 93' lang='lat'><strong>16.</strong></span> <span class='ocrx_word' id='word_1_249' title='bbox 388 2194 408 2223; x_wconf 89' lang='lat'>4</span> <span class='ocrx_word' id='word_1_250' title='bbox 431 2191 596 2214; x_wconf 87' lang='lat' dir='ltr'><strong>summam</strong></span> <span class='ocrx_word' id='word_1_251' title='bbox 612 2181 819 2214; x_wconf 80' lang='lat' dir='ltr'><strong>Rhenanus:</strong></span> <span class='ocrx_word' id='word_1_252' title='bbox 843 2193 974 2214; x_wconf 90' lang='lat' dir='ltr'><strong>summa</strong></span> <span class='ocrx_word' id='word_1_253' title='bbox 990 2182 1031 2213; x_wconf 94' lang='lat' dir='ltr'><em>M</em></span> <span class='ocrx_word' id='word_1_254' title='bbox 1115 2182 1308 2223; x_wconf 83' lang='lat' dir='ltr'><strong>profectura</strong></span> <span class='ocrx_word' id='word_1_255' title='bbox 1322 2181 1527 2214; x_wconf 71' lang='lat' dir='ltr'><strong>Fra&#39;nsheim</strong></span> <span class='ocrx_word' id='word_1_256' title='bbox 1634 2191 1656 2222; x_wconf 87' lang='lat'>5</span> 
     </span>
     <span class='ocr_line' id='line_1_33' title="bbox 266 2225 1655 2266; baseline -0.001 -8"><span class='ocrx_word' id='word_1_257' title='bbox 266 2227 418 2258; x_wconf 88' lang='lat' dir='ltr'><strong>iuravere</strong></span> <span class='ocrx_word' id='word_1_258' title='bbox 434 2225 482 2266; x_wconf 90' lang='lat' dir='ltr'><strong>M,</strong></span> <span class='ocrx_word' id='word_1_259' title='bbox 501 2225 573 2257; x_wconf 81' lang='lat' dir='ltr'><strong>vide</strong></span> <span class='ocrx_word' id='word_1_260' title='bbox 587 2225 678 2265; x_wconf 80' lang='lat' dir='ltr'><strong>infra</strong></span> <span class='ocrx_word' id='word_1_261' title='bbox 692 2236 723 2258; x_wconf 86' lang='lat' dir='ltr'><strong>v.</strong></span> <span class='ocrx_word' id='word_1_262' title='bbox 741 2235 776 2256; x_wconf 94' lang='lat'><strong>11</strong></span> <span class='ocrx_word' id='word_1_263' title='bbox 927 2227 948 2257; x_wconf 85' lang='lat'><em>8</em></span> <span class='ocrx_word' id='word_1_264' title='bbox 973 2226 1175 2266; x_wconf 81' lang='lat' dir='ltr'><strong>Pyrrichum</strong></span> <span class='ocrx_word' id='word_1_265' title='bbox 1194 2225 1245 2256; x_wconf 89' lang='lat' dir='ltr'><strong>W.</strong></span> <span class='ocrx_word' id='word_1_266' title='bbox 1263 2225 1437 2257; x_wconf 82' lang='lat' dir='ltr'><strong>Heraeus:</strong></span> <span class='ocrx_word' id='word_1_267' title='bbox 1459 2225 1655 2266; x_wconf 84' lang='lat' dir='ltr'><strong>phyrricum</strong></span> 
     </span>
     <span class='ocr_line' id='line_1_34' title="bbox 266 2268 1654 2309; baseline 0 -9"><span class='ocrx_word' id='word_1_268' title='bbox 266 2268 326 2300; x_wconf 92' lang='lat' dir='ltr'><strong>M:</strong></span> <span class='ocrx_word' id='word_1_269' title='bbox 353 2269 550 2309; x_wconf 87' lang='lat' dir='ltr'><strong>Pyrrhicum</strong></span> <span class='ocrx_word' id='word_1_270' title='bbox 567 2268 669 2309; x_wconf 82' lang='lat' dir='ltr'><em>vulgo</em></span> <span class='ocrx_word' id='word_1_271' title='bbox 791 2279 831 2301; x_wconf 93' lang='lat'><strong>10</strong></span> <span class='ocrx_word' id='word_1_272' title='bbox 854 2269 975 2309; x_wconf 87' lang='lat' dir='ltr'><strong>ignava</strong></span> <span class='ocrx_word' id='word_1_273' title='bbox 992 2269 1108 2302; x_wconf 75' lang='lat' dir='ltr'><strong>Sz’rker</strong></span> <span class='ocrx_word' id='word_1_274' title='bbox 1192 2269 1434 2309; x_wconf 83' lang='lat' dir='ltr'><strong>imperatorum</strong></span> <span class='ocrx_word' id='word_1_275' title='bbox 1449 2268 1492 2300; x_wconf 83' lang='lat' dir='ltr'><em>M</em></span> <span class='ocrx_word' id='word_1_276' title='bbox 1615 2279 1654 2300; x_wconf 84' lang='lat'><strong>12</strong></span> 
     </span>
    </p>
   </div>
   <div class='ocr_carea' id='block_1_5' title="bbox 265 2311 1657 2395">
    <p class='ocr_par' dir='ltr' id='par_1_13' title="bbox 265 2311 1657 2395">
     <span class='ocr_line' id='line_1_35' title="bbox 267 2311 1657 2353; baseline 0 -10"><span class='ocrx_word' id='word_1_277' title='bbox 267 2312 414 2353; x_wconf 78' lang='lat' dir='ltr'><strong>picarifis</strong></span> <span class='ocrx_word' id='word_1_278' title='bbox 429 2311 480 2352; x_wconf 88' lang='lat' dir='ltr'><strong>M,</strong></span> <span class='ocrx_word' id='word_1_279' title='bbox 495 2316 611 2343; x_wconf 84' lang='lat' dir='ltr'><strong>notam</strong></span> <span class='ocrx_word' id='word_1_280' title='bbox 628 2311 687 2343; x_wconf 89' lang='lat' dir='ltr'><strong>del.</strong></span> <span class='ocrx_word' id='word_1_281' title='bbox 708 2311 767 2343; x_wconf 88' lang='lat' dir='ltr'><strong>M1</strong></span> <span class='ocrx_word' id='word_1_282' title='bbox 901 2323 939 2352; x_wconf 95' lang='lat'><strong>17</strong></span> <span class='ocrx_word' id='word_1_283' title='bbox 963 2313 1013 2343; x_wconf 90' lang='lat' dir='ltr'><strong>vis</strong></span> <span class='ocrx_word' id='word_1_284' title='bbox 1029 2312 1213 2344; x_wconf 83' lang='lat' dir='ltr'><strong>Prammer</strong></span> <span class='ocrx_word' id='word_1_285' title='bbox 1315 2312 1347 2343; x_wconf 90' lang='lat' dir='ltr'><strong>vi</strong></span> <span class='ocrx_word' id='word_1_286' title='bbox 1363 2317 1475 2344; x_wconf 88' lang='lat' dir='ltr'><strong>actum</strong></span> <span class='ocrx_word' id='word_1_287' title='bbox 1491 2322 1500 2344; x_wconf 74' lang='grc' dir='ltr'><strong>ε</strong></span> <span class='ocrx_word' id='word_1_288' title='bbox 1523 2315 1657 2353; x_wconf 85' lang='lat' dir='ltr'><strong>tempus</strong></span> 
     </span>
     <span class='ocr_line' id='line_1_36' title="bbox 265 2355 1255 2395; baseline -0.002 -7"><span class='ocrx_word' id='word_1_289' title='bbox 265 2355 382 2389; x_wconf 66' lang='lat' dir='ltr'><strong>Nova&#39;k</strong></span> <span class='ocrx_word' id='word_1_290' title='bbox 516 2356 555 2390; x_wconf 85' lang='lat'><strong>18</strong></span> <span class='ocrx_word' id='word_1_291' title='bbox 578 2355 740 2395; x_wconf 83' lang='lat' dir='ltr'><strong>picarium</strong></span> <span class='ocrx_word' id='word_1_292' title='bbox 757 2355 799 2388; x_wconf 91' lang='lat' dir='ltr'><em>M</em></span> <span class='ocrx_word' id='word_1_293' title='bbox 884 2357 919 2387; x_wconf 90' lang='lat' dir='ltr'><strong>in</strong></span> <span class='ocrx_word' id='word_1_294' title='bbox 935 2355 1078 2387; x_wconf 87' lang='lat' dir='ltr'><strong>balineis</strong></span> <span class='ocrx_word' id='word_1_295' title='bbox 1094 2355 1255 2388; x_wconf 78' lang='lat' dir='ltr'><strong>Heinsius</strong></span> 
     </span>
    </p>
   </div>
  </div>
 </body>
</html>
