1748 2826
177 156 238 193 IV

187 399 238 439 74

221 669 237 702 5

199 998 238 1020 10

200 1325 236 1356 15

199 1650 239 1673 20

200 1976 237 2007 25

189 2035 239 2075 75

259 163 310 204 73
705 156 983 196 CORNELII
1013 156 1208 197 TACITI

259 279 379 317 quam
409 268 582 306 alienum
611 265 813 306 servitium
841 273 880 307 et
909 265 1222 308 dominationem
1250 268 1325 308 sibi
1353 267 1583 321 concupivit
1609 275 1652 311 ut

259 344 341 370 non
361 332 502 371 eadem
522 333 595 371 ista
614 331 811 372 vocabula
830 330 1058 383 usurparet.'

422 399 584 448 ‘Regna
616 396 802 447 bellaque
834 410 904 448 per
935 396 1084 437 Gallias
1118 410 1273 448 semper
1307 399 1414 438 fuere
1447 399 1579 438 donec
1611 397 1654 439 in

258 469 436 501 nostrum
469 461 529 501 ius
562 461 846 502 concederetis.
904 475 989 510 nos,
1021 475 1264 514 quamquam
1296 463 1440 503 totiens
1469 462 1652 513 lacessiti,

258 526 341 566 iure
360 526 545 567 victoriae
565 527 606 567 id
626 528 756 566 solum
774 525 889 566 vobis
908 527 1146 576 addidimus,
1169 541 1252 579 quo
1269 541 1410 580 pacem
1429 535 1630 570 tueremur
1641 542 1654 579 3

258 605 351 630 nam
370 605 501 642 neque
528 591 639 642 quies
662 590 842 642 gentium
862 590 947 630 sine
972 592 1090 631 armis
1110 605 1241 644 neque
1266 606 1375 632 arma
1401 593 1486 634 sine
1509 594 1654 646 stipen-

259 656 333 696 diis
367 670 498 707 neque
529 656 726 708 stipendia
756 655 842 696 sine
879 656 1034 695 tributis
1067 657 1204 696 haberi
1237 664 1412 708 queunt:
1452 665 1582 699 cetera
1611 657 1654 698 in

258 721 462 760 communi
496 721 569 760 sita
600 728 701 760 sunt.
761 720 835 772 ipsi
864 721 1098 773 plerumque
1126 721 1348 773 legionibus
1375 722 1519 763 nostris
1546 734 1654 775 prae-

259 787 404 835 sidetis,
439 786 512 839 ipsi
543 788 613 826 has
646 786 822 838 aliasque
855 787 1076 839 provincias
1105 787 1260 840 regitis3
1299 788 1397 828 nihil
1430 796 1653 841 separatum

259 854 496 892 clausumve.
555 858 594 892 et
624 853 875 892 laudatorum
905 852 1127 905 principum
1159 867 1252 893 usus
1280 867 1329 893 ex
1354 866 1486 905 aequo
1517 866 1653 906 quam-

258 917 315 957 vis
349 919 486 969 procul
519 917 750 969 agentibus:
794 917 901 958 saevi
934 918 1118 969 proximis
1157 918 1354 970 ingruunt.
1411 932 1493 970 quo
1530 919 1654 961 modo

259 982 501 1022 sterilitatem
530 989 599 1022 aut
622 982 766 1022 nimios
794 982 929 1022 imbris
959 989 998 1022 et
1026 990 1155 1023 cetera
1183 990 1346 1023 naturae
1374 984 1488 1032 mala,
1517 984 1571 1024 ita
1597 985 1654 1023 lu-

259 1061 351 1086 xum
380 1049 442 1087 vel
470 1046 673 1087 avaritiam
699 1047 992 1087 dominantium
1021 1049 1194 1108 tolerate.
1252 1047 1345 1087 vitia
1367 1054 1493 1097 erunt,
1523 1048 1654 1088 donec

259 1112 453 1161 homines,
492 1113 566 1153 sed
603 1126 734 1164 neque
765 1114 863 1152 haec
894 1112 1083 1152 continua
1116 1120 1156 1152 et
1189 1111 1398 1152 meliorum
1428 1111 1654 1153 interventu

257 1184 495 1227 pensantur:
535 1176 612 1217 nisi
645 1179 745 1217 forte
773 1179 924 1217 Tutore
952 1184 992 1216 et
1025 1177 1203 1217 Classico
1235 1176 1491 1229 regnantibus
1521 1178 1654 1219 mode-

257 1242 377 1281 ratius
410 1242 619 1294 imperium
651 1241 824 1293 speratis,
857 1249 926 1281 aut
959 1241 1179 1282 minoribus
1206 1255 1327 1294 quam
1360 1255 1468 1283 nunc
1498 1242 1654 1283 tributis

257 1308 498 1358 parabuntur
527 1307 718 1347 exercitus
751 1307 895 1358 quibus
925 1306 1113 1346 Germani
1144 1306 1402 1359 Britannique
1434 1314 1651 1347 arceantur.

257 1386 349 1412 nam
383 1373 516 1423 pulsis,
553 1373 662 1424 quod
693 1371 733 1412 di
764 1372 1010 1423 prohibeant,
1047 1371 1241 1412 Romanis
1269 1373 1367 1423 quid
1394 1371 1504 1412 aliud
1532 1385 1653 1424 quam

258 1437 362 1476 bella
390 1436 569 1477 omnium
600 1437 700 1476 inter
729 1449 772 1476 se
801 1436 978 1488 gentium
1010 1435 1206 1476 existent?
1242 1436 1563 1488 octingentorum
1588 1451 1655 1477 an·
1692 1443 1693 1447 ’

258 1515 399 1541 norum
437 1503 594 1541 fortuna
635 1500 925 1553 disciplinaque
962 1515 1175 1554 compages
1213 1502 1312 1541 haec
1352 1501 1512 1551 coaluit,
1551 1515 1654 1553 quae

258 1566 425 1606 convelli
452 1566 537 1606 sine
562 1566 680 1605 exitio
706 1566 1015 1606 convellentium
1045 1580 1127 1606 non
1153 1574 1308 1618 potest:
1336 1567 1408 1608 sed
1433 1566 1547 1607 vobis
1575 1580 1654 1606 ma-

1729 377 1748 470 ἕ

1736 558 1748 660 i

258 1632 406 1671 ximum
445 1632 667 1680 discrimen,
709 1645 831 1683 penes
870 1645 972 1684 quos
1016 1645 1154 1672 aurum
1193 1640 1232 1672 et
1270 1646 1378 1684 opes,
1418 1633 1654 1684 praecipuae
1686 1682 1687 1685 Ἴ
1742 1634 1748 1664 3

258 1698 451 1736 bellorum
472 1710 624 1736 causae.
683 1696 850 1748 proinde
874 1711 1014 1749 pacem
1044 1705 1083 1737 et
1103 1697 1252 1746 urbem,
1282 1710 1403 1749 quam
1423 1696 1515 1736 victi
1534 1696 1654 1737 victo-

258 1775 398 1813 resque
436 1763 579 1802 eodem
618 1761 700 1802 iure
735 1761 973 1812 obtinemus,
1009 1770 1138 1802 amate
1177 1762 1320 1803 colite:
1361 1768 1551 1802 moneant
1582 1775 1654 1802 vos

258 1826 461 1877 utriusque
486 1828 666 1867 fortunae
694 1829 936 1868 documenta
963 1842 1014 1868 ne
1043 1829 1335 1869 contumaciam
1360 1840 1455 1868 cum
1480 1827 1654 1880 pernicie

258 1905 378 1943 quam
410 1892 646 1943 obsequium
681 1906 772 1933 cum
808 1894 1016 1934 securitate
1045 1893 1212 1934 malitis.'
1267 1893 1335 1934 tali
1365 1892 1544 1934 oratione
1573 1905 1653 1944 gra-

258 1957 365 1996 viora
385 1957 597 1998 metuentis
617 1959 842 2010 composuit
862 1959 1072 2011 erexitque.

419 2024 677 2063 Tenebantur
716 2024 863 2064 victore
900 2025 1070 2065 exercitu
1108 2024 1269 2073 Treviri,
1308 2038 1400 2064 curn
1438 2023 1575 2066 Civilis
1613 2031 1653 2064 et

259 2087 456 2127 Classicus
485 2088 627 2128 misere
657 2090 708 2129 ad
737 2090 932 2131 Cerialem
957 2090 1154 2141 epistulas,
1180 2103 1346 2142 quarum
1374 2091 1474 2130 haec
1499 2095 1652 2130 senten-

257 2152 311 2191 tia
344 2152 438 2192 fuit:
485 2154 787 2204 Vespasianum,
826 2168 1066 2206 quamquam
1101 2155 1262 2195 nuntios
1300 2156 1553 2203 occultarent,
1590 2166 1652 2193 ex-

259 2216 422 2256 cessisse
448 2217 536 2266 vita‚
561 2219 699 2258 urbem
720 2226 839 2270 atque
867 2219 1022 2259 Italiam
1046 2219 1201 2259 interno
1228 2220 1334 2259 bello
1360 2225 1648 2271 consumptam,

303 2326 363 2362 74.
389 2331 409 2361 3
432 2321 543 2363 vobis]
561 2321 797 2363 novi‘Madvig
928 2325 968 2355 16
991 2322 1077 2366 pulsi
1094 2322 1137 2354 M
1220 2323 1265 2355 dii
1281 2322 1325 2354 M

304 2370 362 2405 75.
388 2375 408 2404 3
432 2365 580 2407 nuntios!
598 2366 808 2397 occultarent
825 2365 885 2397 M:
909 2367 1018 2398 nuntii
1034 2367 1246 2398 occultarent
1261 2367 1304 2399 al.
1319 2378 1326 2398 :
1349 2366 1488 2399 nuntius
1502 2365 1649 2398 occulta-

261 2413 353 2439 retur
367 2408 519 2440 Heraeus
542 2409 622 2440 olim
646 2412 676 2441 et
701 2408 821 2451 Wolff:
851 2410 948 2441 amici
972 2421 1004 2443 n.
1029 2410 1240 2442 occultarent
1262 2410 1390 2442 Ritter:
1414 2410 1590 2442 Mucianus
1612 2419 1648 2440 n.

260 2452 441 2484 occultaret
457 2452 634 2495 Nipperdey
