1748 2826
207 135 249 174 II
269 145 313 173 12
710 137 987 177 CORNELII
1018 137 1214 177 TACITI

269 260 421 285 marum
452 246 626 297 Alpium,
648 247 803 298 quibus
838 246 1078 298 temptandis
1109 246 1480 298 adgrediendaeque
1508 245 1662 297 provin·

268 310 352 350 ciae
382 311 633 350 Narbonensi
663 312 854 351 Suedium
884 313 1145 360 Clementem,
1181 311 1401 351 Antonium
1435 311 1661 358 Novessum,

231 387 249 419 5
268 375 484 414 Aemilium
514 378 731 415 Pacensem
761 378 882 416 duces
913 377 1085 415 dederat.
1144 377 1215 415 sed
1245 375 1429 415 Pacensis
1458 388 1527 426 per
1546 374 1664 414 licen-

267 439 363 478 tiam
384 439 552 478 militum
572 440 737 489 vinctus,
760 440 938 480 Antonio
959 442 1130 480 Novello
1155 442 1263 479 nulla
1289 439 1528 479 auctoritas:
1565 440 1662 479 Sue·

267 503 356 543 dius
397 505 584 544 Clemens
618 504 832 544 ambitioso
870 504 1036 556 imperio
1074 505 1245 556 regebat,
1281 512 1324 543 ut
1360 505 1548 544 adversus
1582 517 1663 543 mo-

268 568 436 607 destiam
479 568 712 620 disciplinae
749 577 965 620 corruptus,
1007 569 1061 608 ita
1100 569 1338 620 proeliorum
1374 568 1524 608 avidus.
1579 581 1662 608 non

269 633 384 672 Italia
411 633 510 673 adiri
539 647 613 673 nec
642 635 730 673 loca
759 636 955 684 sedesque
988 634 1136 685 patriae
1169 633 1429 674 videbantur:
1459 641 1662 684 tamquam

213 711 250 733 10
268 704 427 736 externa
465 698 578 737 litora
615 706 654 737 et
699 699 815 737 urbes
858 698 1033 738 hostium
1078 713 1200 746 urere,
1240 705 1400 746 vastare,
1441 711 1577 749 rapere
1613 701 1679 737 eov

267 762 437 801 atrocius
458 764 568 813 quod
589 763 685 801 nihil
706 776 874 814 usquam
898 763 1100 814 provisum
1124 765 1333 803 adversum
1358 769 1497 802 metus.
1555 760 1664 812 pleni

266 826 358 877 agri,
389 834 547 878 apertae
576 829 720 867 domus
736 843 747 877 3
788 835 1040 867 occursantes
1074 827 1228 868 domini
1261 827 1369 866 iuxta
1402 825 1591 877 coniuges
1623 832 1664 864 et

267 890 412 931 liberos
460 891 668 931 securitate
715 892 823 942 pacis
867 900 906 932 et
951 892 1044 932 belli
1089 894 1194 932 malo
1241 890 1661 931 circumveniebantur.

269 956 482 995 maritimas
513 964 597 995 tum
617 956 730 1008 Alpis
759 957 920 996 tenebat
949 965 1178 1008 procurator
1199 956 1350 996 Marius
1379 957 1575 995 Maturus.
1630 954 1664 994 is

211 1033 249 1065 15
268 1020 425 1060 concita
451 1028 569 1071 gente
597 1023 686 1072 (nec
714 1022 826 1061 deest
861 1021 1062 1074 iuventus)
1092 1035 1223 1061 arcere
1257 1019 1483 1072 provinciae
1516 1018 1663 1059 finibus

211 1103 221 1113 ·
268 1084 519 1124 Othonianos
553 1085 747 1125 intendit:
795 1087 866 1125 sed
913 1086 1041 1137 primo
1085 1086 1236 1136 impetu
1284 1084 1389 1125 caesi
1429 1083 1663 1135 disiectique

268 1149 457 1197 montani,
489 1156 531 1188 ut
560 1149 704 1200 quibus
734 1157 881 1189 temere
907 1150 1094 1198 collectis,
1126 1163 1208 1189 non
1237 1156 1374 1197 castra,
1406 1161 1488 1188 non
1515 1149 1662 1188 ducem

267 1213 570 1262 noscitantibus,
607 1227 738 1264 neque
768 1214 809 1253 in
842 1214 1005 1254 victoria
1039 1216 1162 1254 decus
1193 1221 1296 1254 esset
1333 1226 1465 1264 neque
1497 1213 1539 1251 in
1570 1213 1662 1264 fuga

267 1277 467 1328 flagitium.

204 1354 248 1391 13
429 1342 617 1382 Inritatus
651 1356 700 1382 eo
734 1342 884 1393 proelio
916 1342 1088 1383 Othonis
1117 1342 1228 1382 miles
1259 1341 1374 1382 vertit
1408 1340 1483 1380 iras
1512 1340 1553 1379 in
1580 1353 1663 1379 mu·

266 1406 457 1458 nicipium
478 1407 796 1446 Albintimilium.
856 1407 1005 1458 quippe
1025 1407 1066 1446 in
1085 1406 1170 1446 acie
1194 1406 1293 1446 nihil
1317 1406 1500 1458 praedae,
1522 1404 1662 1456 inopes

265 1479 436 1522 agrestes
470 1479 509 1510 et
542 1471 633 1510 vilia
670 1485 779 1511 arma
793 1486 803 1520 ;
843 1485 917 1511 nec
948 1471 1037 1522 capi
1074 1478 1266 1522 poterant,
1299 1469 1437 1522 pernix
1467 1481 1592 1521 genus
1623 1475 1663 1508 et

264 1536 373 1586 gnari
402 1537 606 1576 locorum:
636 1538 707 1576 sed
736 1536 1025 1575 calamitatibus
1054 1535 1272 1575 insontium
1301 1536 1456 1586 expleta
1487 1533 1659 1574 avaritia.

227 1616 245 1648 5
264 1600 371 1639 auxit
408 1600 597 1640 invidiam
637 1603 838 1652 praeclaro
876 1603 1058 1652 exemplo
1096 1600 1244 1640 femina
1282 1599 1413 1651 Ligus,
1446 1612 1550 1650 quae
1579 1597 1662 1638 filio

263 1664 416 1713 abdito,
453 1679 545 1703 cum
584 1665 701 1704 simul
739 1665 949 1716 pecuniam
989 1665 1178 1705 occultari
1217 1664 1362 1704 milites
1401 1662 1661 1704 credidissent
1723 1666 1725 1668 “

263 1742 392 1779 eoque
412 1742 481 1779 per
501 1729 695 1769 cruciatus
715 1729 998 1780 interrogarent
1026 1729 1095 1769 ubi
1122 1729 1247 1768 filium
1274 1729 1486 1777 occuleret,
1504 1735 1660 1768 uterum

263 1795 478 1833 ostendens
517 1795 636 1834 latere
675 1794 890 1844 respondit,
930 1807 1004 1834 nec
1041 1793 1129 1833 ullis
1167 1792 1314 1833 deinde
1350 1791 1563 1849 terroribus
1591 1799 1661 1833 aut

263 1865 389 1897 morte
408 1858 670 1898 constantiam
691 1859 798 1898 vocis
819 1858 995 1910 egregiae
1014 1857 1189 1897 mutavit.

199 1930 243 1967 14
426 1923 639 1963 Imminere
685 1923 912 1974 provinciae
962 1921 1225 1970 Narbonensi,
1269 1921 1310 1960 in
1349 1921 1470 1961 verba
1508 1919 1659 1959 Vitellii

262 2035 281 2063 4
305 2024 529 2056 narbonensis
546 2025 588 2055 M
729 2027 750 2056 6
773 2025 882 2057 victus
897 2025 945 2065 M,
962 2036 984 2056 n
1000 2030 1158 2067 superscr.
1177 2024 1218 2056 M
1223 2024 1235 2045 ¹
1367 2033 1386 2063 7
1410 2024 1658 2056 immodestiam

261 2067 437 2099 Db‘derlein
630 2069 651 2099 8
675 2069 864 2109 corruptius
882 2068 923 2099 M
1117 2078 1156 2108 13
1180 2071 1215 2100 et
1237 2067 1299 2099 del.
1328 2066 1511 2108 Acidalius,
1537 2066 1661 2099 Maller

264 2120 301 2150 14
328 2110 427 2142 Marti
443 2115 585 2143 mastum
602 2111 646 2142 M
790 2114 830 2143 16
853 2113 967 2144 caedis
987 2111 1034 2153 M,
1053 2122 1133 2144 corr.
1151 2111 1186 2143 in
1209 2114 1299 2143 textu
1322 2114 1352 2142 et
1371 2110 1407 2141 in
1430 2110 1584 2152 margine
1598 2109 1641 2142 M
1644 2109 1656 2129 ²

264 2165 302 2193 17
329 2154 482 2186 Montani
499 2154 660 2195 Dethfsen
677 2154 744 2186 coll.
759 2154 848 2187 Plin.
868 2154 961 2187 N.H.
981 2155 1028 2187 iii.
1047 2164 1108 2195 135

303 2204 355 2238 13.
380 2208 400 2228 2
423 2197 686 2230 Albintimilium
701 2198 928 2230 Puteolanus:
961 2198 1092 2230 albiniti
1114 2197 1239 2229 milium
1255 2196 1298 2227 M
1302 2196 1334 2228 ¹:
1368 2195 1496 2228 albiniti
1513 2196 1656 2228 militum

260 2239 301 2270 M
475 2251 496 2281 3
519 2246 673 2281 agrastes
698 2240 749 2280 M,
776 2252 856 2273 corr.
883 2241 940 2271 Μ2
1071 2246 1203 2281 poterat
1226 2240 1277 2278 M,
1302 2250 1381 2272 corr.
1405 2239 1446 2271 M
1451 2237 1463 2258 ¹
1635 2248 1656 2278 5

259 2284 348 2315 ausit
363 2283 406 2315 M
577 2285 598 2315 8
623 2284 739 2325 {latere
756 2284 794 2315 M
805 2295 813 2316 ε
840 2285 893 2317 hic
909 2284 1014 2316 latere
1031 2287 1161 2316 amicus
1175 2283 1310 2325 Ryckit':
1339 2282 1385 2314 ibi
1403 2283 1510 2315 latere
1522 2281 1660 2314 Ernesti

259 2337 281 2367 9
304 2327 441 2368 egregie
459 2326 502 2358 M
