1748 2826
177 163 237 202 111
257 172 313 214 59
693 165 968 205 CORNELII
999 166 1194 207 TACITI

201 289 238 322 15
257 277 375 327 dere,
418 283 456 316 et
494 275 602 316 missi
639 277 691 316 ab
721 276 900 316 Antonio
931 275 1059 316 nuntii
1097 290 1167 328 per
1196 275 1320 317 varias
1358 273 1519 316 fallendi
1555 277 1648 317 artis

256 342 530 393 penetrabant,
558 343 691 381 locum
720 355 766 381 ac
795 341 1032 393 praesidium
1062 349 1336 381 monstrantes.
1396 341 1565 381 Sabinus
1593 342 1649 380 in-

257 406 431 445 habilem
463 405 589 445 labori
627 413 666 445 et
696 405 885 445 audaciae
913 405 1181 445 valetudinem
1214 406 1473 446 causabatur:
1513 405 1649 445 Domi·

256 472 366 510 tiano
401 472 538 510 aderat
567 471 734 519 animus,
770 471 840 511 sed
878 471 1064 510 custodes
1092 483 1117 509 a
1149 470 1311 510 Vitellio
1343 470 1479 518 additi,
1515 483 1649 522 quam-

255 549 378 588 quam
426 549 468 576 se
507 525 636 576 socios
682 537 796 587 fugae
847 535 1127 587 promitterent,
1174 542 1378 586 tamquam
1417 534 1649 575 insidiantes

198 617 240 641 20
258 601 508 641 timebantur.
566 608 686 652 atque
717 600 802 651 ipse
827 599 1011 640 Vitellius
1039 606 1222 651 respectu
1251 613 1409 640 suarum
1438 599 1650 641 necessitu-

258 664 398 705 dinum
426 665 524 705 nihil
553 664 594 704 in
624 664 899 704 Domitianum
927 671 1040 704 atrox
1067 665 1242 716 parabat.

177 734 238 772 60
421 732 555 771 Duces
593 731 762 782 partium
805 737 849 769 ut
891 731 1076 771 Carsulas
1113 743 1268 779 venere,
1309 743 1459 782 paucos
1500 731 1553 772 ad
1594 744 1650 778 rea

257 795 391 846 quiem
421 795 506 853 dies
532 801 703 842 sumunt,
735 795 866 835 donec
893 794 1050 846 aquilae
1083 795 1275 846 signaque
1308 795 1510 846 legionum
1537 795 1650 836 adse-

257 868 482 912 querentur.
539 868 578 901 et
596 862 708 900 locus
726 859 813 912 ipse
831 867 1047 900 castrorum
1067 861 1261 911 placebat,
1282 862 1360 901 late
1378 867 1648 912 prospectans,

257 933 344 966 tuto
370 926 572 977 copiarum
593 927 769 976 adgestu,
790 924 1076 965 florentissimis
1096 938 1202 976 pone
1228 932 1381 977 tergum
1401 924 1626 977 municipiis
1639 940 1652 975 3

220 1007 238 1040 5
258 990 374 1030 simul
394 990 607 1041 conloquia
633 1003 724 1030 cum
743 988 967 1029 Vitellianis
995 991 1137 1029 decem
1171 990 1324 1029 milium
1350 990 1478 1042 spatio
1505 990 1651 1030 distan-

257 1056 362 1096 tibus
386 1063 426 1096 et
444 1055 617 1107 proditio
641 1055 880 1106 sperabatur.
937 1067 1054 1106 aegre
1079 1053 1121 1094 id
1148 1054 1228 1105 pati
1257 1056 1370 1095 miles
1389 1062 1429 1095 et
1447 1054 1649 1095 victoriam

257 1123 375 1161 malle
402 1134 522 1172 quam
551 1133 689 1172 pacem
704 1134 715 1170 3
743 1134 795 1160 ne
823 1134 912 1160 suas
937 1120 1103 1172 quidem
1128 1120 1303 1172 legiones
1332 1120 1648 1173 opperiebantur,

257 1192 301 1225 ut
329 1187 498 1237 praedae
526 1199 646 1237 quam
670 1185 934 1236 periculorum
961 1184 1100 1225 socias.
1157 1192 1320 1225 vocatos
1346 1187 1399 1226 ad
1421 1185 1650 1225 contionem

258 1250 458 1290 Antonius
487 1249 623 1291 docuit
654 1263 741 1291 esse
766 1251 899 1290 adhuc
927 1249 1091 1290 Vitellio
1115 1249 1219 1299 viris,
1250 1251 1468 1302 ambiguas,
1498 1249 1531 1290 si
1556 1250 1649 1290 deli-

198 1331 237 1355 ιο
257 1316 451 1364 berarent,
493 1315 604 1364 acris,
649 1314 681 1354 si
723 1315 1007 1366 desperassent.
1085 1315 1197 1355 initia
1238 1315 1434 1355 bellorum
1476 1315 1650 1355 civilium

258 1383 438 1421 fortunae
469 1380 756 1432 permittenda:
799 1381 1002 1421 victoriam
1041 1381 1215 1421 consiliis
1249 1389 1288 1421 et
1319 1381 1469 1421 ratione
1501 1380 1648 1433 perfici.

258 1446 337 1486 iam
365 1446 636 1486 Misenensem
666 1448 831 1486 classem
867 1453 905 1486 et
930 1446 1235 1497 pulcherrimam
1268 1446 1511 1498 Campaniae
1540 1458 1650 1486 oram

256 1510 480 1560 descivisse,
516 1524 591 1551 nec
629 1512 716 1562 plus
748 1525 770 1551 e
801 1518 887 1550 toto
920 1518 1108 1550 terrarum
1137 1512 1234 1551 orbe
1265 1512 1460 1562 reliquum
1488 1510 1650 1550 Vitellio

256 1589 376 1627 quam
397 1577 507 1627 quod
526 1576 626 1615 inter
645 1575 898 1615 Tarracinam
920 1576 1191 1627 Narniamque
1210 1576 1346 1615 iaceat.
1395 1575 1487 1615 satis
1506 1575 1656 1627 gloriae.

196 1659 235 1692 15
257 1641 407 1693 proelio
438 1640 699 1681 Cremonensi
732 1649 886 1692 partum
918 1648 958 1680 et
988 1640 1106 1681 exitio
1137 1642 1361 1682 Cremonae
1398 1639 1566 1679 nimium
1595 1639 1651 1679 in-

255 1707 408 1747 vidiae:
448 1720 499 1746 ne
530 1705 858 1758 concupiscerent
889 1708 1063 1746 Romam
1094 1719 1236 1757 capere
1267 1707 1400 1757 potius
1433 1717 1553 1757 quam
1576 1717 1651 1745 ser·

257 1786 357 1812 vare.
415 1771 565 1811 maiora
595 1771 671 1810 illis
695 1770 870 1822 praemia
901 1778 939 1811 et
973 1772 1099 1810 multo
1124 1770 1340 1811 maximum
1370 1772 1504 1819 decus,
1535 1771 1567 1809 si
1596 1771 1652 1809 in-

245 1837 526 1877 -columitatem
557 1835 710 1876 senatui
739 1837 969 1888 populoque
995 1838 1183 1876 Romano
1210 1835 1296 1875 sine
1324 1835 1516 1887 sanguine
1536 1848 1651 1887 quae-

257 1904 409 1943 sissent.
467 1902 528 1941 his
548 1915 595 1941 ac
614 1901 759 1942 talibus
779 1901 945 1953 mitigati
964 1900 1096 1941 animi.

188 1971 235 2009 61
420 1968 509 2007 Nec
537 1968 664 2007 multo
692 1973 782 2018 post
811 1966 988 2018 legiones
1016 1978 1168 2006 venere.
1226 1973 1266 2006 et
1293 1972 1440 2006 terrore
1465 1966 1650 2017 famaque

255 2033 361 2073 aucti
390 2032 582 2073 exercitus
601 2031 839 2071 Vitellianae
862 2031 1044 2071 cohortes
1070 2030 1275 2079 nutabant,
1300 2031 1410 2070 nullo
1435 2029 1476 2069 in
1501 2031 1650 2070 bellum

254 2099 502 2145 adhortante,
540 2097 671 2137 multis
709 2098 761 2137 ad
800 2095 1084 2145 transitionem,
1116 2095 1185 2147 qui
1223 2108 1313 2134 suas
1346 2094 1542 2134 centurias
1575 2101 1651 2134 tur-

256 2177 421 2214 masque
454 2163 617 2211 tradere,
649 2164 799 2202 donum
829 2160 966 2200 victori
994 2168 1033 2200 et
1065 2159 1140 2199 sibi
1167 2159 1209 2199 in
1238 2165 1439 2211 posterum
1472 2158 1647 2211 gratiam,

217 2240 235 2274 5
257 2228 471 2269 certabant.
529 2240 597 2279 per
617 2240 684 2267 eos
705 2227 907 2278 cognitum
928 2233 986 2266 est
1008 2226 1276 2266 Interamnam
1297 2223 1483 2276 proximis
1497 2223 1649 2275 campis

258 2343 301 2365 20
324 2336 502 2372 respectus
519 2341 620 2362 uarus
639 2331 697 2362 M:
724 2340 840 2362 uarum
857 2329 910 2361 M1

303 2375 368 2409 60.
393 2386 412 2405 2
437 2374 568 2414 aquilas
585 2374 633 2414 M,
652 2385 731 2405 corr.
753 2374 795 2405 M
798 2374 808 2394 ¹
909 2383 929 2413 3
953 2372 1040 2406 latae
1056 2372 1099 2404 M
1194 2383 1216 2414 9
1237 2372 1413 2404 antonium
1430 2371 1480 2412 M,
1497 2381 1579 2405 corr.
1595 2370 1649 2402 M¹

261 2430 296 2451 11
323 2419 495 2459 perficib:
520 2417 693 2458 proficiM
774 2427 812 2448 12
837 2417 947 2448 misen
961 2427 1034 2449 sem
1051 2416 1094 2448 M
1136 2415 1347 2458 capiniaeM
1430 2424 1468 2456 17
1493 2413 1650 2447 maior-M

301 2462 354 2496 61.
382 2473 402 2493 2
426 2462 591 2495 nutabant
615 2461 696 2494 det.:
727 2461 927 2494 nuntiabant
