1748 2826
192 142 252 182 111
272 155 323 196 53
718 143 994 185 CORNELII
1025 142 1220 183 TACITI

275 265 366 306 tem,
392 259 444 298 ad
467 256 755 308 Vespasianum
783 268 1001 295 conversas.
1060 255 1130 293 sed
1154 251 1344 292 cecidisse
1363 250 1403 291 in
1430 249 1591 291 inritum
1612 249 1668 291 la-

275 324 390 363 bores
420 323 450 362 si
481 321 655 374 praemia
687 320 950 373 periculorum
984 318 1058 358 soli
1089 319 1357 369 adsequantur
1385 315 1454 368 qui
1481 312 1665 367 periculis

216 403 258 427 20
276 401 357 427 non
377 387 584 427 adfuerint.
632 399 707 426 nec
727 387 897 425 fefellere
917 398 963 424 ea
984 383 1217 424 Mucianum
1232 397 1243 432 ;
1271 381 1366 422 inde
1384 393 1520 433 graves
1535 378 1669 420 simul-

277 460 385 499 tates,
418 465 516 502 quas
542 451 745 492 Antonius
771 449 1000 501 simplicius,
1031 447 1242 488 Mucianus
1271 446 1414 487 callide
1441 458 1570 498 eoque
1598 443 1668 484 irn-

276 515 508 567 placabilius
528 515 735 555 nutriebat.

205 589 258 629 54
393 624 397 627 ,
437 582 491 620 At
530 579 712 620 Vitellius
752 578 883 618 fractis
921 579 1030 629 apud
1070 579 1311 618 Cremonam
1353 577 1470 617 rebus
1507 574 1668 617 nuntios

276 644 399 684 cladis
433 646 637 684 occultans
675 645 793 682 stulta
823 641 1137 682 dissimulatione
1172 641 1347 681 remedia
1380 639 1512 693 potius
1548 639 1670 679 malo·

277 723 363 749 rum
388 723 509 761 quam
538 711 643 750 mala
667 709 885 749 differebat.
943 707 1090 758 quippe
1118 705 1323 746 confitenti
1349 702 1669 755 consultantique

278 782 506 826 supererant
533 788 622 826 spes
651 774 855 825 viresque:
898 786 990 812 cum
1025 786 1047 812 e
1080 771 1275 811 contrario
1307 773 1410 811 laeta
1437 768 1573 810 omnia
1601 765 1672 808 fin-

242 856 259 888 5
277 847 396 891 geret,
431 839 537 879 falsis
557 839 861 890 ingravescebat,
923 837 1065 877 mirum
1084 838 1192 888 apud
1212 836 1343 888 ipsum
1362 836 1414 876 de
1433 835 1539 875 bello
1554 832 1673 874 silen-

279 904 376 943 tium
392 919 403 954 3
442 903 630 956 prohibiti
658 917 728 955 per
758 903 955 943 civitatem
991 914 1204 950 sermones,
1234 913 1363 951 eoque
1391 900 1522 951 plures
1546 911 1608 949 ac,
1637 895 1672 938 si

278 970 424 1019 liceret,
457 983 546 1010 vere
565 968 766 1017 narraturi,
792 968 885 1019 quia
912 968 1156 1015 vetabantur,
1186 965 1380 1005 atrociora
1406 965 1671 1015 vulgaverant.

279 1049 353 1074 nec
382 1036 504 1075 duces
538 1034 711 1073 hostiurn
742 1033 947 1083 augendae
984 1033 1112 1071 famae
1141 1032 1315 1079 deerant,
1353 1036 1492 1081 captos
1522 1026 1672 1067 Vitellii

279 1101 544 1151 exploratores
588 1099 972 1148 circumductosque,
1013 1103 1058 1136 ut
1097 1096 1242 1136 robora
1281 1093 1441 1134 victoris
1481 1091 1672 1134 exercitus

221 1179 260 1201 10
279 1172 497 1211 noscerent,
534 1163 797 1212 remittend03
830 1175 930 1213 quos
961 1160 1090 1200 omnis
1117 1160 1298 1200 Vitellius
1332 1164 1485 1200 secreto
1511 1170 1673 1210 percon-

280 1236 383 1268 tatus
404 1228 568 1268 interfici
590 1227 712 1266 iussit.
771 1226 937 1267 notabili
963 1225 1186 1266 constantia
1205 1223 1384 1264 centurio
1404 1221 1529 1263 Iulius
1554 1223 1673 1272 Agre-

280 1293 348 1333 stis
368 1301 459 1344 post
479 1294 624 1332 multos
644 1305 857 1340 sermones,
879 1290 1024 1342 quibus
1039 1289 1244 1329 Vitellium
1263 1290 1316 1329 ad
1331 1288 1514 1328 virtutem
1533 1287 1673 1326 frustra

279 1358 536 1405 accendebat,
565 1356 734 1408 perpulit
763 1363 806 1395 ut
834 1356 886 1395 ad
910 1354 1000 1394 viris
1025 1353 1199 1394 hostium
1227 1353 1463 1405 spectandas
1491 1362 1674 1401 quaeque

280 1425 387 1477 apud
409 1425 649 1464 Cremonam
668 1429 756 1461 acta
775 1422 903 1460 forent
922 1420 1006 1471 ipse
1026 1419 1253 1459 mitteretur.
1313 1431 1388 1457 nee
1406 1413 1675 1468 exploratione

222 1506 259 1539 15
281 1491 437 1531 occulta
463 1489 596 1527 fallere
623 1486 845 1526 Antonium
875 1484 1092 1537 temptavit,
1117 1485 1187 1524 sed
1217 1484 1407 1524 mandata
1429 1477 1675 1532 imperatoris

281 1567 477 1605 suumque
501 1552 678 1592 animum
698 1552 907 1602 professus,
931 1557 974 1590 ut
995 1556 1140 1589 cuncta
1159 1548 1299 1589 viseret
1325 1547 1510 1599 postulat.
1566 1542 1676 1584 missi

282 1620 350 1672 qui
383 1621 516 1658 locum
542 1616 691 1669 proelii,
721 1618 942 1657 Cremonae
972 1614 1147 1666 vestigia,
1178 1620 1312 1665 captas
1345 1613 1520 1663 legiones
1547 1617 1676 1651 osten-

282 1687 433 1726 derent.
489 1682 666 1734 Agrestis
706 1683 759 1722 ad
797 1680 1001 1720 Vitellium
1044 1679 1231 1719 remeavit
1272 1676 1544 1727 abnuentique
1584 1687 1675 1716 vera

283 1764 368 1790 esse
399 1762 501 1800 quae
531 1748 711 1795 adferret,
739 1753 860 1796 atque
893 1746 996 1784 ultro
1025 1750 1252 1795 corruptum
1283 1740 1460 1795 arguenti
1489 1741 1676 1792 ‘quando

220 1830 263 1853 ²0
282 1815 467 1868 quidem'
499 1814 627 1865 inquit
661 1817 827 1864 ‘magno
856 1813 1099 1852 documento
1128 1824 1228 1862 opus
1262 1817 1331 1858 est,
1367 1822 1442 1849 nec
1469 1807 1569 1849 alius
1596 1805 1676 1846 iam

283 1882 355 1922 tibi
384 1888 452 1921 aut
471 1880 574 1920 vitae
598 1886 666 1919 aut
692 1878 828 1919 mortis
856 1891 967 1917 meae
992 1890 1099 1925 usuS,
1120 1876 1226 1916 dabo
1249 1874 1314 1915 cui
1339 1873 1501 1914 credas)
1555 1878 1676 1924 atque

282 1946 337 1985 ita
367 1945 563 1996 digressus
593 1942 813 1984 voluntaria
842 1949 968 1982 morte
1001 1941 1107 1981 dicta
1135 1939 1312 1981 firmavit.
1371 1938 1536 1990 quidam
1568 1936 1676 1977 iussu

282 2008 431 2050 Vitellii
451 2009 711 2056 interfectum,
734 2009 785 2047 de
805 2008 884 2047 fide
903 2005 1204 2057 constantiaque
1223 2005 1364 2044 eadem
1384 2002 1592 2044 tradidere.

214 2081 265 2121 55
443 2072 626 2112 Vitellius
658 2079 700 2111 ut
734 2085 757 2112 e
790 2084 931 2111 somno
966 2070 1114 2110 excitus
1147 2068 1294 2109 Iulium
1328 2067 1506 2109 Priscum
1539 2073 1580 2108 et
1611 2066 1678 2108 Al·

284 2141 419 2180 fenum
453 2138 602 2177 Varum
641 2150 734 2177 cum
772 2135 1090 2188 quattuordecim
1128 2132 1330 2186 praetoriis
1368 2131 1599 2174 cohortibus
1637 2137 1679 2172 et

284 2253 326 2273 20
373 2251 451 2273 rave
468 2240 510 2272 M

328 2252 389 2326 ξς..
409 2294 429 2325 5
449 2283 731 2324 ingravescebant
743 2281 894 2315 Ernesti:
916 2280 1170 2322 ingravescebat
1183 2279 1308 2311 malum
1324 2279 1449 2316 Meiser,
1462 2277 1531 2310 coll.
1543 2275 1589 2310 Α.
1605 2276 1674 2309 xiv.

285 2338 322 2368 51
481 2338 498 2367 7
523 2338 603 2359 vera
619 2327 742 2358 Probst
893 2336 915 2366 9
938 2324 1172 2367 urolutrobora
1188 2324 1248 2356 M:
1274 2333 1335 2354 uro
1351 2321 1409 2354 del.
1427 2321 1469 2353 M
1473 2321 1485 2342 ¹
1637 2321 1677 2352 16

285 2377 386 2403 cunta
403 2372 444 2403 M
577 2372 615 2402 18
638 2370 807 2410 adgrestis
823 2369 867 2400 M
995 2376 1036 2408 23
1060 2367 1351 2407 constantiamque
1367 2365 1416 2406 M,
1433 2374 1512 2398 corr.
1530 2363 1586 2395 M¹

330 2421 390 2456 55.
417 2425 436 2445 2
463 2415 619 2455 ‘sortasse
635 2413 798 2445 tredecim
810 2412 818 2427 ’
835 2412 1025 2454 Nipperdey,
1045 2412 1114 2444 coll.
1132 2411 1167 2444 ii.
1188 2421 1238 2451 73,
1257 2411 1302 2441 iii.
1322 2411 1363 2450 78
