1748 2826
189 149 208 187 1
226 158 281 196 39
672 146 949 186 CORNELII
979 146 1175 185 TACITI

227 257 397 297 Galbam
417 263 456 296 et
476 256 562 295 foro
585 253 972 305 adpropinquantem
998 254 1209 293 adsecutus
1229 260 1336 302 erat;
1364 253 1440 293 iam
1470 251 1621 293 Marius

226 322 366 362 Celsus
404 322 512 359 haud
549 321 653 358 laeta
691 321 889 359 rettulerat
941 332 1032 359 cum
1070 319 1135 358 alii
1177 318 1216 357 in
1256 318 1448 358 Palatium
1481 317 1616 366 redire,

187 399 204 431 5
225 387 289 426 alii
319 386 561 437 Capitolium
596 392 743 435 petere,
770 350 957 440 plericqffg
980 393 1103 424 rostra
1134 385 1368 436 occupanda
1400 390 1620 432 censerent,

225 453 355 502 plures
385 458 538 490 tantum
568 449 772 489 sententiis
803 449 969 489 aliorum
998 458 1135 489 contra
1166 450 1354 498 dicerent,
1384 456 1508 500 utque
1535 461 1622 488 eve-

224 516 282 555 nit
311 516 351 554 in
381 514 554 554 consiliis
581 514 815 563 infelicibus,
845 514 994 566 optima
1018 515 1242 555 viderentur
1268 528 1438 566 quorum
1463 520 1621 565 tempus

225 582 420 632 effugerat.
480 580 648 631 agitasse
677 581 784 619 Laco
808 579 943 631 ignaro
967 581 1096 621 Galba
1116 583 1166 621 de
1193 580 1416 623 occidendo
1443 579 1538 619 Tito
1555 578 1619 618 Vi-

223 646 292 685 nio
317 645 470 694 dicitur,
502 645 583 685 sive
607 651 650 684 ut
674 657 804 696 poena
831 637 915 684 eius
941 645 1096 685 animos
1122 646 1291 699 militurn
1320 647 1520 692 mulceret,
1551 657 1621 684 seu

166 728 206 751 10
224 711 428 751 conscium
458 709 632 751 Othonis
661 710 859 757 credebat,
891 711 942 749 ad
971 717 1213 761 postremum
1244 711 1306 749 vel
1334 709 1440 750 odio.
1498 708 1622 748 haesi-

224 775 413 816 tationem
440 774 570 814 attulit
594 781 750 824 tempus
776 787 823 813 ac
850 775 972 822 locus,
1002 775 1096 825 quia
1121 774 1235 814 initio
1260 774 1394 814 caedis
1412 780 1500 813 orto
1526 772 1623 813 diffi,

225 841 308 881 cilis
338 842 506 890 modus3
546 847 585 880 et
613 840 821 879 turbavere
849 839 1059 878 consilium
1089 839 1231 891 trepidi
1259 838 1389 878 nuntii
1421 851 1468 878 ac
1498 836 1623 890 proxi-

226 919 381 946 morum
407 904 581 956 diffugia,
608 903 888 954 languentibus
918 904 1098 943 omnium
1127 904 1268 944 studiis
1294 903 1363 955 qui
1390 903 1520 956 primo
1546 904 1625 942 ala-

227 984 311 1010 cres
331 971 451 1009 fidem
471 977 590 1020 atque
609 968 787 1007 animum
808 975 1110 1008 ostentaverant.

152 1043 208 1082 40
227 1014 366 1088 &QG
390 1034 591 1084 Agebatur
633 1034 712 1072 huc
754 1032 847 1072 illuc
889 1033 1016 1072 Galba
1060 1033 1167 1072 vario
1213 1034 1351 1072 turbae
1397 1030 1623 1071 fluctuantis

228 1099 414 1150 impulsu,
444 1098 651 1149 completis
682 1097 860 1148 undique
890 1098 1061 1137 basilicis
1090 1112 1137 1138 ac
1168 1098 1335 1149 templis,
1357 1095 1512 1147 lugubri
1539 1109 1626 1147 pro-

228 1172 376 1215 spectu.
436 1176 566 1214 neque
590 1162 726 1221 populi
753 1170 822 1201 aut
848 1163 975 1220 plebis
1002 1165 1081 1202 ulla
1099 1178 1186 1212 vox,
1215 1165 1285 1203 sed
1311 1161 1467 1202 attoniti
1494 1162 1624 1200 vultus

228 1236 267 1268 et
287 1241 499 1268 conversae
517 1228 569 1267 ad
589 1226 724 1265 omnia
742 1240 855 1266 aures
873 1242 884 1276 3
920 1241 1000 1266 non
1031 1230 1234 1277 tumultus,
1255 1241 1335 1267 non
1363 1226 1485 1278 quies,
1507 1227 1625 1277 quale

190 1310 208 1342 5
228 1294 358 1344 magni
381 1300 508 1332 metus
528 1299 567 1332 et
587 1305 753 1344 magnae
780 1292 860 1331 irae
887 1292 1086 1331 silentium
1115 1300 1185 1332 est.
1244 1291 1397 1332 Othoni
1416 1298 1549 1331 tamen
1569 1303 1625 1330 ar-

229 1357 325 1397 mari
358 1358 517 1408 plebem
555 1355 810 1395 nuntiabatur
825 1371 836 1406 3
879 1356 933 1395 ire
967 1357 1190 1408 praecipitis
1227 1364 1267 1396 et
1297 1369 1492 1408 occupare
1527 1355 1625 1408 peri-

228 1424 318 1461 cula
345 1421 464 1460 iubet.
523 1420 638 1471 igitur
662 1420 804 1460 milites
827 1421 1011 1469 Romani,
1034 1421 1147 1472 quasi
1167 1423 1434 1473 Vologaesum
1459 1428 1529 1460 aut
1555 1423 1625 1460 Pa·
1660 1445 1666 1451 ι

229 1500 364 1526 corum
391 1486 497 1525 avito
522 1485 801 1525 Arsacidarum
829 1485 929 1525 solio
949 1486 1150 1537 depulsuri
1170 1500 1217 1526 ac
1243 1500 1325 1525 non
1345 1486 1623 1536 imperatorem

230 1566 345 1592 suum
375 1551 565 1591 inermem
595 1558 634 1589 et
663 1563 798 1593 senem
828 1550 1022 1590 trucidare
1055 1558 1271 1602 pergerent,
1301 1550 1467 1590 disiecta
1494 1550 1622 1602 plebe,

170 1630 211 1654 10
230 1618 458 1668 proculcato
495 1622 645 1663 senatu,
686 1622 815 1654 truces
844 1615 972 1662 armis,
1007 1615 1133 1666 rapidi
1170 1615 1282 1667 equis
1315 1616 1444 1654 forum
1482 1614 1625 1654 inrum-

230 1689 339 1732 punt.
380 1693 454 1719 nec
480 1680 567 1719 illos
595 1680 781 1731 Capitolii
801 1687 984 1732 aspectus
1010 1687 1049 1720 et
1073 1681 1365 1720 imminentium
1386 1682 1623 1732 templorum

230 1745 365 1796 religio
393 1753 431 1785 et
457 1745 604 1797 priores
632 1753 670 1784 et
697 1745 815 1784 futuri
842 1746 1038 1797 principes
1066 1754 1236 1786 terruere
1261 1760 1343 1798 quo
1369 1745 1500 1785 minus
1526 1747 1626 1785 face-

231 1817 317 1849 rent
337 1812 464 1849 scelus
484 1810 595 1849 cuius
616 1812 719 1850 ultor
739 1818 797 1849 est
817 1810 995 1861 quisquis
1015 1811 1213 1850 successit.

167 1882 215 1920 41
392 1874 492 1914 Viso
529 1874 752 1914 comminus
790 1882 1029 1914 armatorum
1067 1875 1223 1926 agmine
1254 1875 1474 1915 vexillarius
1506 1876 1625 1915 comi-

231 1946 335 1979 tatae
369 1940 538 1978 Galbam
572 1940 745 1978 cohortis
778 1939 960 1992 (Atilium
993 1940 1261 1991 Vergilionem
1295 1941 1415 1980 fuisse
1448 1940 1624 1994 tradunt)

231 2006 434 2055 dereptam
465 2004 616 2043 Galbae
646 2004 856 2054 imaginem
886 2005 972 2043 solo
999 2004 1170 2055 adflixit:
1203 2018 1251 2044 eo
1278 2005 1390 2056 signo
1418 2005 1627 2045 manifesta

231 2071 273 2111 in
305 2071 508 2110 Othonem
541 2068 721 2109 omnium
761 2069 928 2108 militum
961 2069 1100 2119 studia,
1134 2071 1334 2110 desertum
1364 2072 1456 2121 fuga
1489 2069 1626 2122 populi

277 2180 340 2214 39.
365 2184 386 2212 4
410 2172 535 2204 rediret
559 2172 738 2214 Nipperdey
890 2182 911 2212 5
934 2178 1051 2214 petere
1082 2172 1124 2204 M
1131 2173 1168 2205 ¹:
1206 2178 1339 2214 peteret
1369 2173 1417 2214 M,
1447 2173 1628 2216 Nipperdey

232 2219 255 2249 6
279 2222 316 2248 ut
330 2226 418 2256 quae
435 2216 476 2246 M
600 2226 617 2255 7
641 2215 800 2257 quorum]
824 2226 956 2248 morum
973 2216 1013 2248 M
1113 2218 1134 2248 8
1157 2217 1228 2248 laco
1245 2216 1328 2248 M2:
1354 2217 1431 2248 loco
1446 2215 1490 2247 M
1587 2227 1627 2248 10

233 2265 440 2302 postremum
459 2259 668 2291 Rhenanus:
691 2264 863 2299 posterum
882 2260 924 2290 M
1056 2270 1093 2300 14
1118 2261 1365 2292 ostentaverint
1381 2259 1424 2290 M

278 2311 343 2346 40.
371 2314 390 2334 2
414 2307 589 2343 trospectu
612 2302 672 2334 M:
705 2307 843 2342 aspectu
868 2303 926 2336 det.
1058 2324 1060 2326 -
1120 2306 1141 2335 6
1165 2304 1297 2344 plebem
1321 2303 1364 2335 M
1370 2303 1407 2335 ²:
1439 2304 1539 2344 plebe
1563 2303 1626 2335 M:

235 2347 354 2388 plebes
370 2347 475 2378 Ritter
612 2356 652 2377 10
674 2346 798 2386 rapidis
815 2346 887 2377 deu.

278 2397 330 2431 41.
355 2400 374 2420 2
397 2389 516 2430 galbae
534 2389 572 2419 M
673 2389 806 2421 adilium
823 2390 866 2420 M
