1748 2826
481 125 890 167 HISTORIARVM
921 123 1094 163 LIBER
1123 122 1166 162 II
1481 120 1524 158 11
1544 127 1595 166 23

121 241 226 282 facta
250 251 371 292 prave
397 235 711 278 aestimantibus.
769 233 960 282 certatim,
992 240 1036 272 ut
1064 232 1235 284 quisque
1263 230 1400 271 animo
1425 231 1530 281 igna-

121 318 205 355 vus,
235 317 382 359 procax
409 316 489 352 ore,
519 300 699 342 Annium
729 301 890 341 Gallum
917 306 956 340 et
984 297 1220 340 Suetonium
1250 295 1463 336 Paulinum
1490 302 1531 334 et

122 369 297 412 Marium
326 370 641 411 Celsum-nam
675 379 745 407 eos
779 378 942 418 quoque
976 365 1087 406 Otho
1118 361 1530 416 praefecerat—variis
1553 373 1593 396 20

121 434 352 477 criminibus
389 434 655 475 incessebant.
726 431 917 473 acerrima
951 429 1195 471 seditionum
1226 442 1273 469 ac
1306 426 1530 468 discordiae

119 500 390 551 incitamenta,
420 500 692 541 interfectores
726 499 882 539 Galbae
920 499 1067 538 scelere
1100 503 1140 536 et
1171 502 1280 535 metu
1314 493 1530 534 vaecordes

119 566 286 608 miscere
318 573 476 616 cuncta,
507 566 632 606 modo
663 566 796 618 palam
828 563 997 604 turbidis
1031 562 1208 611 vocibus,
1242 561 1367 601 modo
1400 559 1531 600 occul-

118 633 169 674 tis
195 633 249 674 ad
277 632 487 674 Othonem
514 630 681 681 litteris3
714 629 783 682 qui
810 629 1035 686 humillimo
1064 628 1210 680 cuique
1236 627 1432 674 credulus,
1462 625 1531 665 bo-

119 711 194 740 nos
230 705 415 739 metuens
453 696 691 750 trepidabat,
730 696 848 736 rebus
886 694 1084 747 prosperis
1123 693 1296 734 incertus
1344 699 1384 732 et
1428 690 1531 731 inter
1552 702 1592 735 ²5

118 765 284 806 adversa
311 763 462 805 melior.
521 762 638 815 igitur
666 761 871 802 Titianum
898 762 1057 801 fratrem
1086 759 1258 800 accitum
1287 758 1395 799 bello
1423 770 1531 809 prae-

119 829 264 884 posuit.

283 897 443 937 Interea
481 894 638 935 Paulini
676 901 716 935 et
755 892 863 935 Celsi
905 893 1030 933 ductu
1077 905 1138 931 res
1181 889 1337 942 egregie
1383 895 1530 940 gestae.
1551 896 1604 936 24

119 962 322 1014 angebant
358 960 578 1003 Caecinam
616 959 861 1012 nequiquam
899 958 1036 998 omnia
1074 964 1218 1009 coepta
1251 963 1290 996 et
1318 968 1532 996 senescens

121 1026 316 1068 exercitus
348 1026 410 1067 sui
447 1028 564 1066 fama.
620 1026 757 1078 pulsus
797 1023 1011 1072 Placentia,
1046 1022 1171 1063 caesis
1205 1035 1332 1074 nuper
1364 1021 1530 1068 auxiliis,

122 1093 242 1134 etiam
261 1105 332 1145 per
350 1105 591 1133 concursum
611 1092 917 1143 exploratorum,
944 1089 1081 1129 crebra
1110 1087 1234 1140 magis
1261 1100 1383 1139 quam
1411 1086 1534 1139 digna

122 1165 344 1199 memoratu
374 1157 536 1210 proelia,
568 1156 738 1205 inferior,
775 1155 1069 1208 propinquante
1105 1153 1230 1194 Fabio
1264 1154 1449 1203 Valente,
1481 1166 1534 1193 ne
1556 1162 1575 1197 5

123 1237 244 1265 omne
281 1222 376 1264 belli
413 1223 538 1264 decus
574 1222 669 1262 illuc
707 1222 957 1270 concederet,
998 1219 1216 1272 reciperare
1252 1217 1419 1271 gloriam
1456 1217 1536 1258 avi-

122 1288 212 1330 dius
244 1302 366 1342 quam
396 1287 617 1329 consultius
655 1287 904 1341 properabat.
975 1287 1027 1327 ad
1058 1285 1346 1326 duodecimum
1379 1298 1406 1326 a
1439 1285 1534 1327 Cre-

122 1367 246 1396 mona
270 1354 401 1408 (locus
435 1355 650 1396 Castorum
677 1352 858 1405 vocatur)
891 1351 1158 1394 ferocissimos
1188 1351 1436 1391 auxiliarium
1466 1352 1538 1391 im-

122 1419 368 1461 minentibus
398 1419 486 1460 viae
513 1419 614 1460 lucis
643 1420 822 1459 occultos
854 1418 1085 1471 componit:
1130 1417 1283 1470 equites
1318 1417 1537 1470 procedere

122 1485 280 1538 longius
312 1484 409 1526 iussi
441 1492 482 1527 et
519 1485 680 1525 inritato
717 1484 869 1537 proelio
903 1491 1046 1537 sponte
1080 1483 1205 1535 refugi
1239 1483 1536 1524 festinationem
1559 1501 1600 1525 10

123 1550 378 1604 sequentium
406 1551 560 1601 elicere,
588 1552 719 1591 donec
745 1550 913 1591 insidiae
939 1556 1203 1590 coorerentur.
1262 1548 1465 1601 proditum
1495 1548 1537 1589 id

123 1616 367 1658 Othonianis
386 1616 570 1666 ducibus,
591 1624 631 1657 et
656 1630 792 1657 curam
817 1615 998 1668 peditum
1024 1614 1225 1664 Paulinus,
1247 1616 1428 1667 equitum
1450 1615 1538 1656 Cel-

124 1695 192 1723 sus
222 1695 437 1735 sumpsere.
510 1682 648 1724 tertiae
686 1681 868 1723 decimae
906 1681 1073 1734 legionis
1111 1680 1308 1728 vexillum,
1349 1687 1538 1732 quattuor

124 1747 360 1789 auxiliorum
389 1749 575 1790 cohortes
604 1756 644 1789 et
671 1748 878 1801 quingenti
905 1747 1059 1799 equites
1086 1746 1127 1786 in
1153 1746 1311 1786 sinistro
1330 1747 1513 1786 locantur
1527 1761 1538 1796 ;

124 1827 308 1867 aggerem
341 1814 429 1855 viae
466 1822 544 1856 tres
582 1816 803 1867 praetoriae
841 1815 1028 1854 cohortes
1065 1814 1154 1853 altis
1192 1811 1400 1853 ordinibus
1438 1811 1538 1853 obti-
1560 1825 1599 1858 15

125 1894 276 1932 nuere3
315 1882 452 1923 dextra
481 1883 610 1922 fronte
639 1881 766 1934 prima
794 1880 898 1933 legio
927 1879 1087 1920 incessit
1118 1892 1210 1919 cum
1245 1878 1403 1919 duabus
1433 1877 1539 1918 auxi-

125 1945 288 1989 liaribus
307 1947 539 1989 cohortibus
560 1955 600 1989 et
619 1947 846 2000 quingentis
868 1946 1069 1998 equitibus
1089 1962 1096 1987 :
1127 1959 1244 1997 super
1263 1946 1337 1986 hos
1363 1958 1411 1985 ex
1430 1958 1539 1997 prae-

127 2063 171 2085 20
194 2062 274 2086 nam
295 2062 356 2086 eos
379 2053 536 2096 quoque]
567 2064 646 2086 nam
672 2054 739 2087 hos
765 2062 902 2095 quoque
930 2050 1070 2083 Maller:
1104 2050 1260 2090 aliosque
1282 2059 1371 2091 quos
1395 2048 1538 2080 Meiser:

126 2107 274 2139 namque
289 2107 350 2130 eos
360 2097 456 2130 Otho
474 2097 619 2139 W⁶lffl¹³¹
635 2110 643 2130 ε
667 2107 746 2130 nam
765 2108 828 2131 eos
845 2095 956 2138 copiis
973 2094 1126 2128 Urlichs:
1149 2104 1226 2126 narn
1245 2118 1252 2125 .
1270 2118 1277 2126 .
1296 2117 1304 2126 .
1325 2093 1539 2135 praefecerat

127 2140 198 2174 secl.
226 2140 336 2174 Riuer
465 2151 505 2174 21
531 2142 754 2175 incessebant
769 2141 950 2184 Agricola:
977 2140 1193 2172 incesserant
1212 2137 1253 2168 M
1353 2147 1395 2168 22
1419 2136 1539 2168 incita-

128 2189 244 2218 menta
259 2185 500 2219 interfectores
516 2185 666 2220 Galbae:
691 2187 823 2219 scelere
840 2185 1054 2228 distinguunt
1066 2183 1126 2216 alii

171 2236 235 2272 24.
263 2239 278 2261 1
305 2229 414 2272 Celsi]
433 2229 567 2263 consilii
584 2230 628 2263 M
757 2230 916 2273 egregiae
940 2228 983 2261 M
1113 2229 1134 2259 8
1159 2228 1342 2260 Castorum
1358 2225 1537 2258 Alciatus:

127 2277 316 2306 castrorum
332 2273 411 2307 Ml:
446 2278 633 2307 castratum
663 2278 702 2307 ut
727 2275 858 2308 videtur
871 2272 928 2306 M:
954 2277 1124 2306 castorum
1143 2272 1237 2303 Herr
1323 2269 1536 2303 auxiliarium

127 2315 207 2350 w:
231 2317 490 2350 auxiliariosM
578 2328 619 2351 10
641 2318 724 2352 iussi
748 2319 960 2352 Rhenanus:
994 2317 1093 2349 iussit
1119 2314 1162 2347 M
1249 2314 1471 2348 festinatione
1499 2313 1542 2345 M

130 2370 168 2393 11
195 2361 436 2404 coorerentur]
464 2362 682 2395 coorirentur
708 2361 918 2396 Rhenanus:
951 2365 1195 2394 coercerentur
1222 2359 1264 2391 M
1423 2359 1463 2390 16
1488 2357 1536 2389 in-

128 2405 236 2446 gessit
250 2404 295 2437 M
382 2406 605 2440 auxiliaribus
621 2405 805 2440 Men-erus:
830 2405 1050 2439 vexillaribus
1066 2405 1110 2438 M
1276 2414 1313 2445 17
1340 2403 1536 2444 quingentis

130 2447 184 2481 11¹
200 2460 209 2482 ε
231 2450 532 2492 quingentibus‘M
616 2461 660 2484 ex
675 2451 767 2485 Bach
783 2462 790 2483 :
814 2456 848 2484 et
865 2450 907 2482 M
920 2461 928 2482 τ
952 2461 972 2483 e
987 2449 1060 2482 dett.
