1748 2826
135 137 199 175 ΙΙΙ
220 147 257 174 11
667 135 941 175 CORNELII
972 134 1167 174 TACITI

222 246 392 288 Moesici
434 246 626 287 exercitus
664 248 836 298 legatum
875 259 924 286 eo
966 246 1136 286 atrocius
1169 245 1463 297 adgrediuntur,
1503 244 1614 297 quod

221 327 313 362 non,
349 319 393 353 ut
426 313 543 364 prius,
575 313 710 352 labore
739 319 778 351 et
812 324 932 362 opere
965 312 1101 359 fessae,
1135 311 1206 350 sed
1239 310 1374 350 medio
1401 308 1482 350 diei
1511 322 1616 349 exar-

221 384 365 428 serant,
383 378 548 428 vulgatis
582 376 770 427 epistulis,
807 389 905 426 quas
937 374 1169 415 Saturninus
1202 376 1254 414 ad
1283 374 1488 414 Vitellium
1521 373 1615 414 scri-

184 459 202 492 5
221 442 345 494 psisse
375 442 620 481 credebatur.
679 448 722 480 ut
757 440 852 479 olim
881 439 1033 479 virtutis
1062 439 1372 490 modestiaeque,
1403 446 1500 480 tunc
1530 451 1617 491 pro-

222 506 397 547 cacitatis
434 513 474 545 et
512 504 752 557 petulantiae
790 512 989 544 certamen
1033 511 1126 552 erat,
1166 518 1217 544 ne
1258 503 1390 544 minus
1426 505 1618 543 violenter

223 571 427 624 Aponium
446 584 566 622 quam
584 569 815 609 Flavianum
835 570 887 609 ad
908 568 1145 620 supplicium
1161 570 1432 619 deposcerent.
1469 568 1620 621 quippe

224 636 427 676 Moesicae
456 636 631 685 legiones
659 634 837 673 adiutam
865 647 890 673 a
918 647 960 673 se
990 634 1312 673 Pannonicorum
1341 632 1535 673 ultionem
1562 645 1621 674 re-

222 704 402 750 ferentes,
431 708 470 741 et
501 699 734 748 Pannonici,
756 701 863 739 velut
890 699 1186 738 absolverentur
1214 698 1380 737 aliorum
1409 697 1637 746 seditione,v

165 785 204 808 10
223 769 361 807 iterare
376 768 534 817 culpam
559 766 798 817 gaudebant.
857 763 898 803 in
925 765 1071 812 hortos,
1100 762 1140 802 in
1171 763 1315 814 quibus
1343 763 1621 805 devertebatur

225 831 468 879 Saturninus,
491 837 670 882 pergunt.
728 842 804 869 nec
828 835 910 868 tam
938 828 1092 867 Primus
1116 835 1155 867 et
1183 827 1420 878 Aponianus
1448 834 1488 868 et
1515 829 1623 868 Mes·

224 899 316 946 sala,
337 909 582 948 quamquam
610 894 721 934 omni
750 895 873 934 modo
901 893 990 942 nisi,
1010 893 1187 944 eripuere
1216 892 1472 932 Saturninum
1499 902 1622 945 quam

224 962 444 1003 obscuritas
482 960 731 1008 latebrarum,
765 959 911 1011 quibus
950 959 1218 1006 occulebatur,
1256 957 1482 998 vacantium
1520 959 1622 999 forte

225 1030 456 1068 balnearum
484 1025 712 1066 fornacibus
740 1024 909 1064 abditus.
970 1037 1062 1064 mox
1093 1022 1249 1063 omissis
1278 1023 1482 1064 lictoribus
1510 1024 1623 1064 Pata-

167 1107 205 1139 15
225 1094 334 1133 vium
371 1093 578 1133 concessit.
637 1091 814 1143 digressu
851 1089 1118 1130 consularium
1155 1088 1225 1128 uni
1264 1087 1443 1129 Antonio
1481 1089 1540 1130 vis
1575 1101 1624 1128 ac

226 1165 400 1211 potestas
430 1159 472 1197 in
502 1164 715 1208 utrumque
748 1155 962 1196 exercitum
993 1154 1076 1203 fuit,
1113 1153 1348 1194 cedentibus
1385 1152 1548 1204 collegis
1583 1159 1623 1194 et

227 1223 402 1264 obversis
423 1222 592 1262 militum
613 1221 762 1261 studiis.
822 1234 895 1260 nec
916 1221 1079 1260 deerant
1099 1219 1166 1271 qui
1188 1220 1393 1259 crederent
1417 1225 1624 1270 utramque

228 1289 466 1329 seditionem
485 1289 622 1327 fraude
641 1286 806 1326 Antonii
827 1293 1021 1337 coeptam,
1044 1292 1087 1324 ut
1106 1286 1212 1324 solus
1232 1284 1339 1324 bello
1356 1285 1558 1324 frueretur.

166 1368 210 1398 12
392 1355 456 1394 Ne
489 1354 529 1392 in
554 1352 704 1392 Vitellii
738 1351 901 1403 quidem
933 1350 1108 1402 partibus
1142 1349 1300 1401 quietae
1331 1342 1510 1390 mentes:
1549 1347 1626 1387 exi-

229 1421 389 1460 tiosiore
410 1419 607 1459 discordia
630 1432 712 1457 non
739 1417 1030 1469 suspicionibus
1050 1417 1166 1466 vulgi,
1188 1416 1260 1455 sed
1285 1414 1450 1466 perfidia
1476 1415 1626 1454 ducum

229 1485 500 1525 turbabantur.
560 1482 734 1523 Lucilius
773 1485 919 1522 Bassus
957 1482 1090 1529 classis
1125 1479 1368 1520 Ravennatis
1406 1480 1626 1531 praefectus

229 1549 438 1601 ambiguos
457 1549 627 1588 militum
651 1548 817 1596 animos,
839 1549 949 1599 quod
970 1560 1112 1597 magna
1134 1560 1224 1597 pars
1245 1546 1454 1584 Dalmatae
1473 1546 1628 1584 Panno-

194 1629 211 1661 5
231 1616 367 1666 niique
397 1621 518 1662 erant,
553 1627 656 1665 quae
689 1613 915 1665 provinciae
949 1611 1196 1663 Vespasiano
1230 1602 1479 1658 tenebantur,
1514 1610 1628 1660 parti-

231 1682 306 1720 bus
334 1682 418 1720 eius
446 1681 734 1731 adgregaverat.
788 1692 867 1718 nox
894 1676 1108 1729 proditioni
1135 1678 1270 1724 electa,
1293 1682 1336 1714 ut
1359 1673 1497 1715 ceteris
1523 1672 1630 1726 igna-

232 1749 283 1786 ris
314 1746 388 1785 soli
423 1747 463 1784 in
494 1744 687 1796 principia
721 1744 940 1784 defectores
973 1742 1134 1782 coirent.
1194 1743 1339 1780 Bassus
1372 1740 1526 1791 pudore
1557 1751 1629 1779 seu

231 1819 353 1860 metu,
375 1810 558 1862 quisnam
587 1811 712 1862 exitus
739 1811 850 1857 foret,
879 1808 980 1847 intra
1005 1809 1171 1847 domum
1198 1804 1485 1857 opperiebatur.
1544 1804 1631 1844 trie-

234 1876 360 1917 rarchi
393 1889 540 1927 magno
569 1876 742 1915 tumultu
767 1873 916 1913 Vitellii
947 1871 1136 1923 imagines
1166 1871 1384 1918 invadunt3
1421 1875 1461 1909 et
1493 1867 1629 1920 paucis

177 1959 217 1983 ιο
234 1940 498 1982 resistentium
519 1938 762 1979 obtruncatis
782 1946 956 1979 ceterum
976 1938 1114 1988 vulgus
1134 1949 1263 1975 rerum
1286 1947 1476 1974 novarum
1497 1933 1630 1974 studio
1657 1948 1659 1950 ·

235 2009 276 2046 in
295 2004 584 2056 Vespasianum
605 2004 830 2044 inclinabat.
881 2011 965 2043 tum
986 2014 1211 2054 progressus
1233 1998 1408 2039 Lucilius
1426 2006 1628 2038 auctorem

235 2085 278 2111 se
298 2071 427 2121 palam
451 2070 623 2120 praebet.
683 2069 817 2109 classis
839 2069 1070 2110 Cornelium
1098 2068 1271 2106 Fuscum
1290 2065 1532 2119 praefectum
1553 2061 1628 2102 sibi

279 2182 322 2206 11.
351 2184 370 2204 2
394 2183 436 2204 eo
452 2171 495 2203 M
497 2172 508 2193 ¹
525 2185 533 2205 :
558 2178 592 2204 et
609 2173 651 2204 M
793 2182 812 2213 5
837 2173 979 2204 virtutes
994 2170 1042 2211 M,
1061 2181 1139 2203 corr.
1164 2168 1206 2201 M
1209 2169 1218 2187 ¹
1379 2167 1579 2200 &volenter
1591 2165 1635 2198 M

235 2220 256 2250 8
279 2217 423 2257 legionis
437 2216 487 2258 M,
508 2227 586 2249 corr.
607 2216 664 2248 M1
801 2228 840 2249 ro
863 2216 982 2247 hortus
999 2214 1043 2246 M
1181 2224 1219 2254 17
1243 2211 1414 2254 militibus!
1433 2210 1493 2243 M:
1516 2210 1630 2242 militis

235 2262 263 2294 I.
284 2261 472 2292 Gronovius

280 2312 331 2337 12.
355 2314 376 2335 2
398 2304 567 2336 discordia
582 2305 662 2344 quia
682 2303 787 2345 Wolff
921 2312 941 2343 5
965 2313 985 2333 a
1002 2301 1214 2341 Vespasiano
1231 2300 1280 2333 ed.
1300 2298 1469 2340 Spirensis
1609 2298 1631 2327 8

237 2348 469 2391 Trierarchusl
486 2348 534 2388 M,
554 2359 633 2380 corr.
651 2348 693 2379 M
696 2348 706 2368 ¹
871 2358 909 2378 10
932 2345 1141 2377 obtruncatis
1157 2344 1216 2376 det.
1232 2356 1238 2376 :
1272 2342 1479 2375 obumbratis
1494 2340 1536 2372 M
1552 2345 1629 2382 pro-

239 2394 333 2424 bante
346 2391 437 2424 Bach
452 2404 457 2424 :
485 2393 674 2424 obturbatis
690 2391 827 2423 Scln'ller
977 2399 1014 2420 12
1034 2392 1111 2429 post
1126 2388 1264 2429 praebet
1277 2388 1433 2419 lacunam
1449 2385 1635 2427 suspicatur

239 2436 388 2469 Servilius
467 2436 596 2468 fuscum
613 2436 661 2468 ed.
680 2435 869 2477 Spirensis:
892 2438 1022 2464 tuscum
1041 2432 1083 2462 M
