1748 2826
204 125 268 163 III
290 125 342 173 84
736 127 1011 168 CORNELII
1041 128 1236 168 TACITI

229 252 265 284 15
287 240 382 279 dere
409 252 551 279 omnes
579 239 784 279 contrariis
819 238 1056 288 vulneribus,
1087 239 1188 280 versi
1221 240 1262 280 in
1291 242 1472 282 hostem:
1511 253 1559 281 ea
1586 253 1679 281 cura

286 305 405 343 etiam
426 304 685 344 morientibus
706 304 839 344 decori
860 305 985 345 exitus
1006 305 1088 344 fuit.
1476 345 1483 348 Μ

339 368 521 409 Vitellius
568 377 683 420 capta
729 370 826 409 urbe
865 383 934 421 per
970 383 1146 409 aversam
1186 370 1323 410 Palatii
1361 378 1513 422 partem
1552 373 1680 412 Aven-

287 433 413 472 tinum
443 433 485 473 in
515 435 680 474 domum
719 433 848 473 uxoris
881 435 1018 473 sellula
1037 435 1219 482 defertur,
1252 442 1296 475 ut
1327 436 1359 475 si
1389 435 1497 476 diem
1530 436 1680 476 latebra

285 497 494 547 vitavisset‚
548 498 800 538 Tarracinam
846 500 898 538 ad
944 498 1118 538 cohortis
1164 500 1401 551 fratremque
1447 501 1677 552 perfugeret.

226 576 266 599 20
285 562 380 602 dein
409 562 628 602 mobilitate
657 562 803 614 ingenii
832 570 883 610 et,
905 575 1008 613 quae
1035 570 1175 602 natura
1203 565 1356 614 pavoris
1384 571 1455 612 est,
1476 577 1578 620 cum¹
1596 577 1678 605 om-

285 626 351 666 nia
387 628 579 667 metuenti
618 626 838 678 praesentia
876 626 1046 667 maxime
1092 627 1355 679 displicerent,
1395 627 1437 667 in
1484 627 1678 668 Palatium

285 692 500 743 regreditur
532 699 686 731 vastum
720 692 1012 743 desertumque,
1046 691 1207 744 dilapsis
1239 692 1357 732 etiam
1389 692 1534 732 infimis
1564 692 1678 747 servi-

285 757 430 796 tiorum
461 763 529 796 aut
560 770 768 796 occursum
807 755 890 796 eius
929 756 1231 797 declinantibus.
1290 764 1406 797 terret
1436 757 1609 799 solitudo
1638 765 1678 799 et

284 828 460 862 tacentes
491 821 593 870 loci3
632 828 797 872 temptat
829 822 973 870 clausa,
1010 821 1241 862 inhorrescit
1274 822 1408 862 vacuis
1421 836 1433 871 3
1471 823 1678 875 fessusque

224 903 262 935 ²5
284 886 428 926 misero
458 899 587 926 errore
618 893 657 925 et
695 887 884 937 pudenda
922 887 1071 926 latebra
1101 894 1226 927 semet
1255 889 1460 927 occultans
1489 887 1542 928 ab
1573 887 1678 929 Iulio

284 949 448 991 Placido
479 950 639 990 tribuno
677 952 850 991 cohortis
887 951 1134 1003 protrahitur.
1190 951 1345 992 vinctae
1383 965 1488 1004 pone
1525 960 1676 1004 tergum

283 1029 425 1055 manus
439 1029 452 1065 3
478 1015 623 1055 laniata
648 1023 765 1064 veste,
793 1017 956 1056 foedum
983 1018 1269 1068 spectaculum,
1291 1017 1519 1066 ducebatur,
1543 1017 1677 1058 multis

283 1079 588 1131 increpantibus,
623 1082 732 1120 nullo
770 1080 1065 1120 inlacrimante:
1106 1081 1334 1121 deformitas
1373 1081 1499 1122 exitus
1533 1081 1677 1122 miseri-

283 1146 459 1185 cordiam
485 1146 711 1185 abstulerat.
773 1145 915 1185 obvius
942 1159 964 1185 e
989 1146 1235 1186 Germanicis
1262 1146 1452 1187 militibus
1471 1147 1676 1194 Vitellium

221 1225 264 1261 30
283 1211 428 1258 infesto
450 1210 530 1251 ictu
557 1224 624 1261 per
654 1210 762 1259 iram,
791 1212 853 1250 vel
876 1224 957 1262 quo
981 1213 1171 1251 maturius
1196 1211 1368 1253 ludibrio
1395 1211 1594 1262 eximeret,
1624 1227 1676 1253 an

282 1275 485 1316 tribunum
511 1275 729 1326 adpetierit,
759 1275 800 1314 in
827 1275 977 1316 incerto
1005 1276 1100 1317 fuit:
1130 1267 1434 1317 auremtribuni
1457 1278 1676 1330 amputavit

282 1356 328 1381 ac
348 1340 480 1381 statim
501 1342 707 1380 confossus
729 1347 798 1380 est.

211 1412 263 1459 85
444 1404 647 1444 Vitellium
680 1404 830 1445 infestis
862 1406 1116 1446 mucronibus
1148 1414 1330 1447 coactum
1368 1409 1492 1449 modo
1530 1408 1675 1461 erigere

283 1485 328 1516 os
359 1479 398 1511 et
430 1472 568 1510 offerre
606 1470 867 1519 contumeliis,
908 1485 1015 1511 nunc
1054 1471 1231 1512 cadentis
1268 1480 1416 1512 statuas
1454 1487 1556 1523 suas,
1597 1476 1676 1525 ple-

283 1550 449 1587 rumque
480 1542 603 1575 rostra
635 1543 702 1575 aut
736 1536 889 1576 Galbae
923 1536 1043 1576 occisi
1081 1538 1213 1577 locum
1248 1537 1436 1587 contueri,
1473 1546 1675 1590 postremo

279 1603 332 1641 ad
360 1601 588 1649 Gemonias,
622 1600 691 1640 ubi
722 1614 863 1652 corpus
899 1601 1021 1640 Flavii
1056 1601 1192 1642 Sabini
1230 1602 1412 1651 iacuerat,
1452 1605 1672 1656 propulere.

242 1682 260 1714 5
281 1681 359 1706 una
385 1680 460 1706 vox
486 1680 568 1706 non
595 1665 800 1717 degeneris
821 1666 944 1706 animi
969 1676 1142 1719 excepta,
1168 1681 1261 1708 cum
1284 1668 1445 1708 tribuno
1471 1668 1673 1709 insultanti

280 1745 322 1771 se
353 1738 487 1771 tamen
518 1731 794 1782 imperatorem
827 1730 911 1770 eius
946 1731 1064 1772 fuisse
1095 1732 1324 1783 respondit3
1363 1746 1410 1772 ac
1441 1733 1588 1774 deinde
1618 1733 1674 1773 in-

278 1797 395 1848 gestis
428 1796 653 1836 vulneribus
685 1795 871 1836 concidit.
942 1805 980 1836 et
1010 1799 1148 1849 vulgus
1180 1799 1320 1838 eadem
1354 1798 1543 1849 pravitate
1574 1798 1673 1840 inse-

278 1862 456 1901 ctabatur
476 1862 724 1901 interfectum
747 1875 825 1912 qua
846 1863 993 1901 foverat
1013 1862 1219 1902 viventem.

203 1932 258 1971 86
440 1928 595 1965 Patrem
610 1926 664 1965 illi
678 1957 685 1965 .
703 1956 711 1966 .
729 1957 736 1966 .
752 1926 969 1967 Luceriam.
996 1929 1207 1979 septimum
1221 1934 1260 1967 et
1270 1927 1670 1980 quinquagensimum

282 2038 321 2069 15
342 2028 431 2060 versi
449 2029 482 2060 in
501 2029 632 2061 hostem
651 2033 688 2061 ut
698 2029 854 2071 glossam
870 2030 1059 2071 suspicatur
1070 2030 1203 2062 Ernesti
1298 2071 1299 2074 Ἴ
1318 2041 1355 2070 17
1372 2030 1581 2064 Aventinum
1597 2031 1666 2064 secl.

275 2072 456 2114 Nipperdey
473 2076 511 2103 ut
520 2073 672 2114 glossam
689 2084 728 2104 ex
743 2083 769 2105 c.
790 2083 831 2112 70
930 2083 971 2114 25
995 2073 1142 2106 latebras
1158 2075 1207 2116 M,
1227 2083 1305 2115 corr.
1324 2075 1380 2106 Ml
1432 2074 1434 2077 ’
1492 2077 1535 2107 26
1559 2085 1669 2116 poene

275 2116 318 2147 M
423 2126 466 2156 29
489 2116 698 2148 abstulerant
714 2116 761 2154 M,
780 2127 858 2148 corr.
878 2116 935 2147 M1
1019 2118 1180 2150 militibus
1198 2120 1208 2139 s
1213 2117 1386 2150 Vitellium
1402 2141 1410 2150 .
1430 2143 1438 2151 .
1457 2141 1465 2150 .
1485 2119 1521 2150 in
1538 2119 1668 2151 incerto

273 2159 350 2200 suit)
369 2169 486 2190 aurem
503 2159 656 2191 distinxit
671 2160 791 2191 Meiser

317 2202 375 2243 85.
406 2213 423 2242 7
448 2204 649 2243 pravitatem
666 2203 715 2242 M,
735 2213 816 2236 corr.
835 2203 891 2234 Ml
1167 2241 1169 2243 v
1241 2240 1243 2242 ,
1287 2240 1289 2242 v
1537 2238 1539 2240 ,
1575 2237 1579 2241 ,

316 2245 379 2279 86.
412 2256 426 2276 1
454 2246 588 2277 Patrem
610 2271 618 2278 .
636 2269 644 2278 .
663 2271 670 2279 .
692 2246 887 2288 Luceriam]
905 2248 1015 2287 patria
1026 2247 1073 2279 illi
1088 2248 1228 2280 Luceria
1245 2248 1376 2280 oberlin
1389 2260 1397 2280 ε
1412 2249 1522 2290 patria
1537 2248 1586 2280 illi
1602 2272 1611 2281 .
1628 2271 1637 2281 .
1656 2271 1665 2281 .

274 2290 421 2320 Nuceria
437 2290 557 2321 Gruter
567 2301 583 2321 e
598 2289 690 2322 Suet.
708 2289 769 2321 Vit.
790 2300 803 2320 1
820 2302 825 2321 :
844 2290 1001 2323 lacunam
1011 2292 1149 2333 primus
1164 2293 1349 2333 suspicatus
1362 2295 1408 2324 est
1423 2291 1647 2325 Weissenborn
1661 2303 1668 2324 ε

273 2338 403 2374 patrem
422 2332 470 2363 illi
488 2333 625 2364 Lucium
649 2333 821 2372 Vitellium
846 2344 1024 2366 censorem
1040 2345 1079 2367 ac
1094 2340 1148 2367 ter
1163 2335 1338 2368 consulem
1354 2336 1457 2369 fuisse
1473 2336 1667 2376 memoravi,

272 2377 415 2419 patriam
432 2377 548 2409 hab'uit
566 2377 742 2409 Luceriam
758 2378 919 2419 supplevit
931 2378 1104 2411 Andresen
1519 2400 1525 2403 -
