1748 2826
504 112 914 154 HISTORIARVM
945 113 1118 152 LIBER
1149 113 1168 151 I
1517 113 1602 152 110

131 236 270 273 ximos,
299 225 408 276 apud
441 225 613 275 collegas
644 223 759 263 variis
791 222 1000 263 inlecebris
1034 229 1188 275 potens,
1221 229 1260 262 et
1288 222 1354 263 cui
1383 223 1540 274 expedi·
1563 236 1602 258 10

130 289 209 330 tius
237 288 354 330 fuerit
386 290 541 330 tradere
569 288 780 341 imperium
815 301 936 340 quam
970 287 1163 329 obtinere.
1222 288 1373 327 bellum
1409 287 1539 327 Iudai-

129 368 223 396 cum
258 355 416 396 Flavius
445 354 714 407 Vespasianus
747 353 912 407 (ducem
946 366 1039 393 eum
1074 354 1183 393 Nero
1222 351 1440 404 delegerat)
1478 352 1540 391 tri-

129 421 206 462 bus
234 420 458 473 legionibus
486 419 801 461 administrabat.
860 432 935 458 nec
954 417 1206 470 Vespasiano
1231 418 1421 457 adversus
1449 418 1539 457 Gal-

129 487 223 527 bam
243 494 381 528 votum
401 493 469 526 aut
488 485 670 526 animus:
700 485 851 537 quippe
865 484 1006 525 Titum
1026 483 1152 523 filium
1168 484 1220 524 ad
1241 484 1538 524 venerationem

129 553 362 604 cultumque
391 553 475 592 eius
504 550 674 600 miserat,
706 558 751 591 ut
779 563 853 591 suo
878 551 971 590 loco
995 548 1322 590 memorabimus.
1381 549 1539 588 occulta
1560 561 1597 594 15

127 617 198 658 fati
235 625 275 658 et
308 617 475 658 ostentis
507 630 556 658 ac
592 615 794 669 responsis
831 615 1075 656 destinatum
1106 613 1357 666 Vespasiano
1390 612 1539 653 liberis-

128 696 207 734 que
227 682 312 724 eius
331 681 544 735 imperium
562 690 654 735 post
673 683 874 722 fortunam
894 680 1148 721 credidimus.

290 751 518 801 Aegyptum
560 748 788 800 copiasque,
831 746 977 799 quibus
1021 753 1279 795 coerceretur,
1319 744 1401 785 iam
1443 743 1537 783 inde
1557 751 1594 779 11

127 828 151 855 a
178 814 275 856 divo
303 816 488 866 Augusto
513 813 669 866 equites
695 812 872 853 Romani
899 811 1084 852 obtinent
1107 812 1199 851 loco
1220 823 1380 862 regum:
1412 810 1466 848 ita
1485 808 1538 848 vi-

127 893 218 920 sum
254 879 451 932 expedire,
487 878 734 931 provinciam
779 877 891 918 aditu
930 877 1144 926 difficilem,
1180 889 1366 916 annonae
1404 876 1537 915 fecun-

127 946 232 994 dam,
254 944 536 997 superstitione
563 957 611 984 ac
637 943 798 983 lascivia
823 943 1051 983 discordem
1076 949 1115 982 et
1143 941 1346 989 mobilem,
1369 939 1535 980 insciam

127 1011 271 1063 legum,
303 1010 481 1062 ignaram
518 1009 832 1061 magistratuum,
865 1008 976 1049 domi
1017 1007 1195 1048 retinere.
1254 1006 1416 1058 regebat
1449 1013 1534 1046 tum
1555 1019 1574 1052 5

127 1075 314 1116 Tiberius
332 1076 571 1124 Alexander,
592 1074 774 1116 eiusdem
802 1073 988 1114 nationis.
1057 1073 1191 1113 Africa
1216 1086 1264 1112 ac
1290 1072 1467 1124 legiones
1493 1070 1535 1111 in
1564 1114 1567 1116 ,

125 1153 174 1180 ea
210 1140 420 1182 interfecto
453 1139 601 1182 Clodio
640 1141 782 1180 Macro
814 1146 1005 1179 contenta
1038 1138 1321 1190 qualicumque
1355 1135 1535 1188 principe

124 1213 216 1259 post
234 1205 552 1258 experimentum
578 1204 733 1245 domini
759 1204 934 1244 minoris.
993 1204 1098 1244 duae
1124 1201 1410 1250 Mauretaniae,
1433 1203 1535 1241 Rae-

125 1270 190 1320 tia,
231 1273 438 1321 Noricum,
473 1270 669 1311 Thraecia
707 1277 747 1311 et
785 1283 889 1322 quae
927 1269 1027 1310 aliae
1066 1268 1388 1321 procuratoribus
1427 1268 1534 1308 cohi-

124 1337 279 1386 bentur,
301 1344 346 1378 ut
371 1336 518 1389 cuique
544 1335 732 1377 exercitui
759 1335 924 1383 vicinae,
947 1337 1001 1375 ita
1029 1335 1069 1374 in
1097 1335 1272 1374 favorem
1298 1340 1367 1372 aut
1394 1332 1533 1373 odium
1557 1348 1597 1379 ιο

123 1409 312 1443 contactu
345 1401 610 1443 valentiorum
642 1401 871 1453 agebantur.
943 1400 1114 1440 inermes
1148 1398 1375 1451 provinciae
1412 1406 1534 1450 atque

123 1468 210 1520 ipsa
234 1467 276 1508 in
304 1467 441 1520 primis
468 1467 594 1515 Italia,
621 1466 862 1518 cuicumque
888 1464 1049 1505 servitio
1075 1464 1265 1516 exposita,
1294 1463 1334 1503 in
1362 1463 1533 1515 pretium

123 1533 218 1574 belli
243 1547 426 1575 cessurae
451 1540 573 1574 erant.
632 1532 698 1572 hic
726 1531 800 1572 fuit
823 1545 953 1572 rerum
982 1533 1258 1571 Romanarum
1282 1536 1418 1577 status,
1440 1542 1532 1569 cum

122 1598 281 1640 Servius
301 1600 432 1641 Galba
456 1599 599 1640 iterum
619 1598 735 1638 Titus
755 1597 898 1637 Vinius
919 1597 1104 1637 consules
1125 1595 1363 1635 inchoavere
1382 1607 1533 1634 annum

123 1663 200 1706 sibi
218 1664 416 1714 ultimum,
438 1664 494 1706 rei
513 1664 698 1717 publicae
720 1677 845 1716 prope
865 1675 1108 1715 supremum.
1555 1674 1594 1707 15

286 1730 430 1771 Paucis
460 1738 552 1783 post
585 1731 778 1770 kalendas
813 1729 1018 1769 Ianuarias
1050 1727 1193 1768 diebus
1234 1725 1401 1777 Pompei
1441 1727 1533 1765 Pro·
1553 1737 1598 1766 12

121 1796 263 1850 pinqui
299 1796 565 1849 procuratoris
600 1809 623 1836 e
654 1795 815 1847 Belgica
848 1795 1000 1834 litterae
1042 1794 1288 1840 adferuntur,
1319 1789 1532 1842 superioris

86 1914 91 1918 ἡ
121 1862 362 1904 Germaniae
391 1862 568 1916 legiones
595 1869 712 1915 rupta
737 1860 974 1902 sacramenti
1004 1858 1223 1900 reverentia
1251 1857 1531 1909 imperatorem

123 1980 165 2002 10
186 1969 238 2012 et]
263 1974 318 2002 set
344 1968 487 2011 Madvtg
629 1978 666 1999 11
695 1967 790 2000 Iudei
817 1977 892 1999 cum
918 1965 968 2007 M,
992 1977 1012 1998 a
1035 1964 1263 2007 superscripsit
1283 1962 1324 1994 M
1332 1963 1368 1994 ²:
1400 1963 1533 1996 Iudaei-

119 2024 208 2090 Ξῖἓ
225 2013 337 2046 Halm
369 2013 422 2045 hic
449 2016 481 2045 et
508 2012 655 2054 deinceps
798 2021 836 2051 13
860 2009 1128 2042 amministrabat
1155 2008 1197 2040 M
1344 2008 1385 2039 16
1408 2007 1468 2040 fati
1499 2009 1532 2039 vi

163 2067 262 2134 uffa?
277 2100 452 2142 aegiptum
470 2098 511 2131 M
598 2104 776 2132 coercetur
791 2098 926 2130 Ernesti
1029 2107 1050 2138 3
1074 2095 1210 2129 difficile
1225 2093 1269 2126 M
1369 2106 1388 2135 4
1413 2105 1531 2135 super-

118 2144 259 2178 stitione
275 2144 319 2176 M
325 2144 337 2165 ¹
352 2156 360 2178 :
384 2144 664 2185 superstitionem
680 2142 723 2174 M
807 2144 879 2185 alac
897 2141 946 2182 M,
961 2146 1016 2184 pr.
1033 2152 1053 2173 a
1069 2140 1128 2173 del.
1151 2139 1189 2171 M
1200 2139 1211 2158 ¹
1367 2148 1387 2178 5
1412 2139 1532 2178 ignara

118 2187 164 2220 M
248 2187 364 2221 domui
379 2188 532 2228 Rickless,
550 2186 662 2220 Halm
794 2187 817 2218 6
840 2186 931 2227 legio
948 2185 1097 2227 Lipsius,
1111 2184 1235 2222 Halm,
1246 2185 1284 2214 at
1296 2181 1369 2215 vide
1385 2181 1528 2223 Cagnat,

118 2232 244 2265 Armle
258 2231 426 2264 Romaim
441 2230 632 2273 d’Asn'que,
650 2242 708 2272 pp.
731 2241 793 2271 149
811 2240 885 2270 sqq.
1030 2230 1051 2260 8
1078 2227 1301 2259 mauritaniae
1318 2225 1367 2266 M,
1385 2229 1421 2258 at
1436 2226 1474 2267 cs.
1495 2225 1529 2257 ii.

118 2277 174 2318 58,
190 2286 235 2318 59
293 2276 380 2309 retia
396 2275 437 2307 M
541 2286 564 2316 9
587 2275 717 2308 thracia
732 2273 775 2305 M
838 2274 924 2306 aliae
942 2273 1139 2315 provinciae
1162 2269 1214 2303 W.
1233 2270 1387 2302 Heraeus
1491 2279 1530 2309 13

119 2330 257 2353 cessura
272 2319 314 2351 M

162 2371 218 2397 12.
241 2373 261 2396 2
285 2374 306 2395 a
322 2363 444 2405 Halm,
463 2366 642 2404 tamquam
659 2361 796 2394 Medicei
