1748 2826
485 146 894 187 HISTORIARVM
924 146 1099 185 LIBER
1130 146 1173 184 11
1489 146 1532 184 11
1551 155 1604 193 33

122 262 222 304 culis
253 261 482 303 viderentur
510 260 620 301 idem
657 259 713 298 illi
752 257 957 298 deterioris
991 256 1147 298 consilii
1180 263 1362 296 auctores
1393 269 1532 308 perpu-

122 329 202 369 lere
228 334 274 370 ut
301 325 519 368 Brixellum
547 325 789 366 concederet
814 336 862 363 ac
891 321 1025 362 dubiis
1054 320 1296 374 proeliorum
1323 328 1532 373 exemptus

121 405 301 434 summae
333 405 464 432 rerum
502 398 542 432 et
574 390 729 442 imperii
769 402 811 429 se
849 388 980 441 ipsum
1019 394 1243 428 reservaret.
1314 388 1346 427 is
1379 387 1532 439 primus

120 458 207 500 dies
235 457 487 499 Othonianas
518 455 639 508 partis
673 454 824 496 adflixit
839 469 851 504 ;
890 467 1067 506 namque
1103 461 1144 494 et
1172 467 1267 494 cum
1300 454 1391 506 ipso
1422 467 1532 506 prae-

120 523 308 564 toriarum
341 522 570 563 cohortium
598 529 638 562 et
671 522 968 573 speculatorum
999 519 1261 572 equitumque
1290 519 1422 559 valida
1451 533 1531 559 ma·
1554 532 1565 554 ι
1575 532 1592 563 5

119 602 195 630 nus
249 588 442 638 discessit,
495 595 536 628 et
589 586 882 628 remanentium
940 588 1086 627 fractus
1141 585 1310 635 animus,
1365 586 1530 637 quando

119 654 293 708 suspecti
321 656 446 695 duces
475 660 514 694 et
543 654 664 701 Otho,
697 653 761 692 cui
790 652 859 692 uni
888 653 997 704 apud
1027 651 1193 692 militem
1219 652 1330 702 fides,
1362 652 1461 692 dum
1490 658 1530 691 et

117 720 204 773 ipse
241 733 325 760 non
361 719 438 760 nisi
476 719 668 760 militibus
706 717 843 767 credit,
884 717 1050 770 imperia
1092 719 1242 758 ducum
1287 717 1329 758 in
1376 717 1529 759 incerto

117 782 340 840 reliquerat.

281 850 394 892 Nihil
427 863 566 892 eorum
604 849 842 890 Vitellianos
870 850 1044 899 fallebat,
1075 849 1235 899 crebris,
1266 857 1311 890 ut
1344 850 1385 889 in
1424 848 1528 889 civili
1548 851 1601 891 34

116 917 239 968 bello,
275 916 501 968 transfugiis
515 931 526 966 ;
573 923 612 956 et
650 917 917 968 exploratores
965 929 1060 955 cura
1106 915 1261 955 diversa
1299 914 1528 955 sciscitandi

117 996 189 1024 sua
226 995 311 1023 non
341 981 609 1022 occultabant.
667 980 792 1032 quieti
826 980 1050 1032 intentique
1082 981 1258 1022 Caecina
1287 994 1335 1021 ac
1365 983 1526 1030 Valens,

117 1049 283 1102 quando
313 1047 441 1088 hostis
471 1046 741 1099 imprudentia
771 1054 916 1096 rueret,
948 1046 1060 1097 quod
1085 1047 1178 1087 loco
1207 1046 1424 1098 sapientiae
1454 1054 1526 1095 est,

115 1114 288 1155 alienam
321 1112 530 1153 stultitiam
563 1111 883 1164 opperiebantur,
923 1111 1115 1152 inchoato
1153 1119 1278 1163 ponte
1316 1112 1527 1152 transitum
1547 1126 1565 1158 5

116 1179 219 1222 Padi
245 1178 479 1220 simulantes
507 1178 698 1219 adversus
728 1177 956 1229 obpositam
983 1177 1250 1228 gladiatorum
1271 1191 1448 1226 manum,
1479 1191 1528 1217 ac

115 1259 169 1286 ne
199 1244 380 1298 ipsorum
409 1243 524 1285 miles
554 1256 676 1295 segne
709 1242 836 1283 otium
866 1250 1022 1284 tereret.
1079 1256 1199 1283 naves
1231 1242 1317 1295 pari
1351 1243 1452 1283 inter
1483 1256 1528 1283 se

116 1310 256 1364 spatio,
287 1309 428 1351 validis
465 1308 667 1361 utrimque
705 1308 883 1348 trabibus
922 1321 1108 1357 conexae,
1140 1309 1351 1348 adversum
1382 1307 1423 1347 in
1458 1309 1529 1348 flu-

115 1390 211 1418 men
239 1375 524 1428 dirigebantur,
551 1374 664 1415 iactis
694 1387 812 1427 super
845 1373 1002 1414 ancoris
1036 1387 1139 1425 quae
1173 1373 1400 1413 firmitatem
1430 1387 1528 1426 pon-

115 1441 167 1483 tis
195 1440 460 1490 continerent,
491 1441 564 1481 sed
595 1453 831 1480 ancorarum
862 1440 977 1479 funes
1006 1452 1089 1481 non
1122 1438 1271 1479 extenti
1302 1438 1525 1488 fluitabant,
1550 1457 1591 1480 10

116 1513 161 1547 ut
191 1513 434 1559 augescente
469 1505 636 1547 flumine
672 1504 892 1545 inoffensus
931 1505 1032 1547 ordo
1069 1504 1231 1545 navium
1269 1505 1525 1546 attolleretur,

117 1571 332 1614 claudebat
368 1578 537 1625 pontem
574 1571 763 1623 imposita
803 1570 919 1611 turris
958 1578 997 1610 et
1041 1570 1083 1609 in
1125 1577 1341 1611 extremam
1384 1583 1527 1610 navem

115 1638 275 1688 educta,
312 1638 422 1679 unde
457 1636 668 1678 tormentis
706 1649 754 1677 ac
787 1635 983 1676 machinis
1021 1637 1157 1676 hostes
1191 1636 1524 1687 propulsarentur.

115 1702 339 1745 Othoniani
367 1702 410 1743 in
438 1702 524 1755 ripa
551 1701 690 1744 turrim
719 1708 940 1743 struxerant
970 1714 1142 1752 saxaque
1171 1708 1210 1741 et
1239 1702 1346 1741 faces
1380 1700 1525 1742 iacula-

115 1768 271 1809 bantur.
1548 1780 1587 1813 15

278 1835 334 1874 Et
359 1840 444 1875 erat
472 1833 602 1874 insula
630 1847 750 1873 amne
780 1832 927 1882 medio,
960 1833 1000 1872 in
1039 1846 1161 1885 quam
1192 1831 1430 1884 gladiatores
1459 1845 1525 1872 na·
1543 1836 1596 1877 35

114 1899 231 1941 vibus
268 1898 492 1949 molientes,
534 1900 724 1941 Germani
764 1900 900 1939 nando
937 1898 1280 1950 praelabebantur.
1339 1912 1386 1939 ac
1425 1899 1525 1939 forte

114 1965 238 2019 pluris
275 1972 540 2018 transgressos
587 1964 798 2016 completis
837 1964 1061 2004 Liburnicis
1100 1977 1169 2016 per
1207 1964 1526 2017 promptissimos

115 2030 378 2083 gladiatorum
408 2032 548 2072 Macer
575 2029 827 2082 adgreditur:
865 2031 937 2070 sed
966 2043 1098 2082 neque
1127 2043 1175 2070 ea
1199 2030 1424 2070 constantia
1449 2033 1527 2083 gla-

115 2095 335 2138 diatoribus
363 2097 416 2136 ad
445 2095 594 2147 proelia
623 2108 727 2147 quae
758 2094 961 2144 militibus,
992 2108 1066 2135 nec
1093 2094 1263 2147 proinde
1290 2103 1477 2137 nutantes
1501 2109 1526 2137 e
1544 2109 1563 2142 5

117 2210 158 2242 13
181 2210 347 2234 summam
363 2198 408 2232 M
490 2199 641 2240 imperiis
657 2200 708 2240 M,
727 2209 808 2231 corr.
828 2198 872 2231 M
876 2198 888 2218 ¹
1038 2209 1078 2242 17
1103 2204 1267 2241 suspectu
1285 2199 1329 2231 M
1436 2205 1473 2233 et
1487 2204 1527 2233 ut

116 2245 201 2278 otho
216 2243 258 2277 M
390 2244 430 2276 18
453 2243 488 2276 in
505 2254 572 2277 om.
591 2242 635 2274 M

159 2295 223 2331 34.
248 2299 270 2330 3
293 2289 351 2333 qui
368 2292 404 2320 et
420 2287 464 2319 M
591 2297 613 2328 5
636 2286 750 2319 aliena
766 2285 810 2318 M
945 2296 968 2327 9
991 2286 1132 2329 insuper
1147 2287 1236 2329 dett„
1257 2286 1378 2320 Gerber
1463 2299 1524 2320 an-

115 2333 233 2366 choris
246 2332 288 2365 M
375 2332 538 2364 firmitate
552 2330 597 2363 M
716 2340 756 2364 10
781 2330 985 2362 achorarum
1002 2329 1046 2362 M
1130 2331 1261 2364 extenti
1279 2331 1319 2362 M
1325 2332 1337 2352 ¹
1352 2343 1360 2366 :
1386 2333 1523 2365 extensi

115 2376 158 2410 Μ
243 2375 444 2409 ssuvitabant
459 2374 504 2407 M

160 2427 220 2464 35.
245 2431 266 2454 a
291 2420 558 2462 prelabebantur
573 2419 630 2453 M:
657 2418 921 2461 perlabebantur
936 2417 1045 2452 Halm
1157 2430 1177 2460 5
1202 2419 1346 2461 perinde
1362 2419 1434 2452 dett.
