1748 2826
198 130 257 169 IV
279 139 322 179 17
727 132 1002 172 CORNELII
1032 132 1227 172 TACITI

280 243 450 283 Galliam
467 243 629 283 suismet
644 242 790 283 viribus
806 242 1039 283 concidisse.
1089 256 1196 283 nunc
1219 244 1380 284 easdem
1394 243 1576 286 omnium
1588 258 1672 298 par-

281 308 340 356 tis,
375 308 514 348 addito
551 308 583 348 si
617 307 714 360 quid
754 307 929 348 militaris
963 307 1194 360 disciplinae
1228 308 1269 348 in
1300 308 1435 349 castris
1474 310 1672 350 Romano-

280 387 365 412 rum
401 372 589 424 viguerit;
627 387 713 413 esse
751 387 886 413 secum
915 380 1119 414 veteranas
1153 373 1337 423 cohortis,
1369 373 1514 426 quibus
1547 387 1673 426 nuper

221 455 262 477 20
281 437 454 478 Othonis
493 437 667 489 legiones
705 437 999 490 procubuerint.
1057 438 1244 478 servirent
1283 438 1391 490 Syria
1421 440 1597 492 Asiaque
1633 447 1673 479 et

281 510 416 543 suetus
448 502 604 554 regibus
636 503 803 544 Oriens:
842 505 987 543 multos
1021 504 1154 543 adhuc
1188 504 1228 542 in
1261 503 1390 543 Gallia
1418 503 1548 545 vivere
1579 511 1674 544 ante

281 567 428 607 tributa
454 567 619 619 genitos.
678 581 803 619 nuper
831 575 938 608 certe
966 581 1083 608 caeso
1112 566 1309 618 Quintilio
1332 569 1439 609 Varo
1468 569 1622 620 pulsam
1651 582 1674 608 e

283 632 498 672 Germania
524 632 763 680 servitutem,
793 646 868 672 nec
886 634 1092 672 Vitellium
1120 632 1339 684 principem
1364 633 1436 673 sed
1460 632 1674 674 Caesarem

281 701 506 749 Augustum
533 697 639 737 bello
666 704 934 748 provocatum.
992 697 1212 737 libertatem
1247 705 1385 737 natura
1410 697 1530 738 etiam
1554 696 1675 738 mutis

221 778 259 811 25
281 762 518 803 animalibus
543 763 688 810 datam,
711 761 894 802 virtutem
921 761 1123 813 proprium
1144 762 1353 802 hominum
1372 762 1550 813 bonum3
1577 763 1675 804 deos

281 827 507 868 fortioribus
546 828 707 867 adesse:
757 826 924 878 proinde
963 826 1178 879 arriperent
1212 826 1326 866 vacui
1359 834 1587 879 occupatos,
1621 826 1676 866 in-

282 893 378 944 tegri
413 894 547 933 fessos
618 893 714 932 dum
745 891 810 931 alii
839 891 1140 943 Vespasianum,
1173 891 1240 931 alii
1267 891 1472 931 Vitellium
1504 893 1675 940 foveant,

220 964 264 1001 18
282 965 416 1009 patere
455 959 587 998 locum
635 958 823 997 adversus
871 964 1096 1008 utrumque.
1156 956 1211 996 sic
1250 956 1292 995 in
1330 956 1479 996 Gallias
1517 958 1677 998 Germa-

283 1022 448 1073 niasque
488 1022 675 1070 intentus,
716 1022 748 1061 si
791 1021 988 1062 destinata
1029 1021 1311 1073 provenissent,
1350 1020 1676 1062 validissimarum

283 1087 647 1139 ditissimarumque
675 1087 883 1127 nationum
912 1099 1034 1137 regno
1062 1085 1309 1126 imminebat.

338 1154 392 1191 At
424 1154 589 1192 Flaccus
625 1151 886 1191 Hordeonius
918 1153 1066 1202 primos
1100 1150 1236 1192 Civilis
1268 1159 1432 1192 conatus
1464 1165 1534 1204 per
1567 1150 1677 1192 dissi-

246 1230 265 1263 5
285 1217 543 1256 mulationem
592 1216 711 1256 aluit:
759 1215 829 1255 ubi
868 1223 1089 1267 expugnata
1127 1222 1262 1263 castra,
1303 1216 1452 1256 deletas
1489 1214 1674 1263 cohortis,

286 1283 442 1333 pulsum
483 1284 721 1321 Batavorum
761 1280 889 1319 insula
927 1282 1158 1319 Romanum
1192 1293 1341 1320 nomen
1374 1279 1516 1331 trepidi
1548 1279 1676 1320 nuntii

285 1348 525 1394 adferebant,
548 1346 734 1386 Munium
762 1347 987 1396 Lupercum
1015 1346 1187 1396 legatum
1211 1344 1261 1396 (is
1284 1346 1451 1384 duarum
1476 1344 1677 1396 legionum

287 1413 460 1453 hibernis
497 1412 690 1464 praeerat)
723 1410 855 1462 egredi
887 1411 1076 1450 adversus
1108 1410 1266 1448 hostem
1295 1408 1415 1448 iubet.
1474 1410 1677 1460 Lupercus

286 1477 520 1530 legionarios
563 1491 585 1516 e
632 1475 916 1527 praesentibus,
956 1474 1084 1514 Vbios
1125 1487 1147 1512 e
1184 1472 1382 1524 proximis,
1426 1472 1678 1513 Trevirorum

230 1559 267 1581 10
286 1542 439 1594 equites
468 1542 575 1581 haud
604 1542 722 1591 longe
750 1540 902 1591 agentis
928 1538 1071 1590 raptim
1099 1536 1322 1586 transmisit,
1349 1536 1486 1577 addita
1513 1538 1678 1577 Batavo-

287 1621 373 1647 rum
398 1609 470 1656 ala,
499 1619 601 1657 quae
624 1605 702 1644 iam
729 1604 883 1655 pridem
909 1611 1092 1654 corrupta
1119 1604 1240 1643 fidem
1268 1601 1492 1651 simulabat,
1519 1608 1563 1641 ut
1592 1615 1678 1654 pro-

287 1672 379 1712 ditis
408 1672 449 1711 in
472 1671 557 1723 ipsa
582 1670 666 1710 acie
695 1668 889 1709 Romanis
919 1668 1067 1708 maiore
1091 1667 1216 1719 pretio
1241 1668 1401 1718 fugeret.
1459 1665 1595 1707 Civilis
1617 1679 1678 1705 ca-

288 1745 442 1789 ptarum
477 1737 699 1776 cohortium
732 1733 852 1785 signis
886 1732 1163 1779 circumdatus,
1198 1738 1241 1770 ut
1279 1744 1352 1770 suo
1389 1729 1502 1770 militi
1541 1743 1677 1770 recens

288 1802 409 1854 gloria
438 1808 530 1841 ante
563 1801 700 1839 oculos
732 1805 770 1838 et
799 1799 933 1837 hostes
960 1795 1150 1836 memoria
1175 1794 1298 1834 cladis
1328 1801 1571 1843 terrerentur,
1600 1807 1678 1833 rna·

231 1884 241 1906 ι
249 1883 267 1915 5
289 1875 388 1906 trem
415 1879 526 1905 suam
556 1876 800 1914 sororesque,
823 1862 939 1902 simul
963 1860 1142 1901 omnium
1165 1858 1352 1910 coniuges
1381 1872 1601 1910 parvosque
1637 1857 1679 1898 li-

288 1931 404 1971 beros
433 1929 647 1970 consistere
676 1941 699 1967 a
728 1935 837 1978 tergo
865 1926 988 1972 iubet,
1017 1926 1266 1964 hortamenta
1293 1922 1477 1963 victoriae
1503 1923 1566 1963 vel
1594 1924 1678 1975 pul-

289 1995 341 2035 sis
372 1996 576 2046 pudorem.
635 2001 678 2032 ut
709 1992 881 2032 virorum
920 1997 1053 2038 cantu,
1087 1988 1320 2028 feminarum
1357 1988 1508 2027 ululatu
1545 1987 1678 2027 sonuit

288 2060 404 2108 acies,
440 2072 693 2111 nequaquam
727 2070 796 2109 par
833 2069 856 2096 a
893 2053 1115 2106 legionibus
1153 2051 1463 2103 cohortibusque
1501 2051 1678 2092 redditur

292 2175 330 2204 17
354 2164 481 2196 Gallias
502 2162 633 2199 Wurm,
653 2162 760 2194 Halm
906 2171 946 2201 19
967 2160 1122 2199 vigueret
1137 2157 1186 2197 M,
1202 2168 1281 2189 corr.
1297 2155 1351 2187 Μ1
1480 2165 1535 2195 v21
1559 2153 1678 2195 gallias

289 2208 337 2248 M,
355 2217 435 2239 corr.
455 2207 496 2238 M
499 2206 510 2226 ¹
527 2217 534 2238 :
559 2205 678 2237 Galliis
698 2204 831 2244 qurm,
847 2204 956 2235 Halm
1059 2201 1154 2243 ante]
1170 2211 1213 2232 an
1230 2200 1272 2231 M
1378 2242 1384 2248 ¹
1419 2208 1461 2229 22
1484 2207 1595 2239 nuper
1607 2197 1676 2230 secl.

288 2251 471 2283 Prammer
621 2259 661 2287 24
683 2253 838 2280 naturam
854 2247 904 2287 M,
922 2256 1002 2278 corr.
1019 2245 1061 2277 M
1064 2245 1076 2266 ¹
1197 2242 1303 2276 brutis
1317 2241 1492 2274 Acadalius
1635 2240 1680 2272 26

289 2292 550 2337 forlsortioribus
565 2292 608 2323 M
736 2293 778 2322 28
802 2290 972 2330 utrimque
987 2289 1030 2321 M

333 2337 384 2371 18.
402 2347 422 2377 5
438 2337 526 2368 locus
536 2334 697 2367 evanidus
775 2332 1044 2366 dissimulatione
1059 2331 1142 2364 aluit
1151 2330 1199 2370 M,
1213 2333 1326 2362 notam
1338 2328 1396 2362 del.
1409 2327 1478 2370 M1,
1488 2330 1519 2359 et
1532 2337 1565 2359 m
1575 2331 1678 2369 supra

289 2393 309 2413 a
324 2381 450 2422 scripsit
465 2390 589 2411 manus
594 2379 740 2418 sortasse
750 2377 874 2419 prima,
895 2375 982 2409 unde
998 2375 1115 2407 maluit
1129 2374 1178 2406 ed.
1190 2372 1356 2416 Spirensis
1425 2381 1463 2403 12
1486 2369 1677 2413 captarum]

290 2434 460 2458 caesarum
478 2422 617 2456 malebat
630 2421 805 2464 Nipperdoe
939 2421 978 2451 16
1000 2419 1116 2460 pulsus
1131 2418 1174 2451 M
