1748 2826
171 155 212 193 II
232 156 289 203 46
673 155 948 197 CORNELII
978 155 1173 196 TACITI

231 282 321 317 nua,
365 269 661 321 promptissimo
707 269 837 309 Plotio
886 269 1028 308 Firmo.
1096 268 1128 308 is
1175 267 1358 320 praetorii
1403 268 1623 320 praefectus

174 347 212 370 10
232 332 450 373 identidem
483 335 620 374 orabat
651 348 702 374 ne
735 333 971 374 fidissimum
1005 333 1230 382 exercitum,
1258 347 1310 374 ne
1337 332 1488 386 optime
1513 332 1624 373 meri-

232 405 293 438 tos
333 398 475 439 milites
513 401 733 440 desereret:
771 399 918 439 maiore
946 398 1081 438 animo
1119 398 1275 438 tolerari
1310 400 1476 438 adversa
1502 410 1623 450 quam

232 463 399 516 relinqui
414 479 424 513 3
463 464 574 504 fortis
606 471 645 505 et
679 471 859 504 strenuos
890 463 1009 504 etiam
1038 471 1176 504 contra
1208 466 1407 504 fortunam
1445 462 1624 503 insistere

232 529 328 580 spei,
355 528 516 570 timidos
545 537 584 569 et
614 529 775 581 ignavos
807 531 860 570 ad
891 529 1206 581 desperationem
1239 528 1450 569 formidine
1486 541 1635 580 prope->

232 607 326 633 rare.
386 608 483 646 quas
516 594 617 635 inter
650 608 767 635 voces
801 602 845 635 ut
882 595 1041 634 flexerat
1078 596 1232 634 vultum
1269 601 1338 633 aut
1374 593 1625 634 induraverat

175 668 211 702 ¹5
233 659 355 708 Otho,
390 661 539 699 clamor
567 666 606 700 et
634 659 813 711 gemitus.
868 673 943 699 nec
980 659 1215 710 praetoriani
1246 666 1412 708 tantum,
1444 658 1649 712 proprius>

233 723 405 764 Othonis
426 724 547 772 miles,
571 726 642 764 sed
662 724 864 776 praemissi
890 738 913 764 e
940 724 1096 764 Moesia
1121 725 1291 764 eandem
1313 723 1624 765 obstinationem

231 789 479 829 adventantis
518 789 719 839 exercitus,
761 790 935 841 legiones
979 788 1204 840 Aquileiam
1242 789 1434 840 ingressas
1471 788 1624 829 nuntia*

232 855 338 902 bant,
367 862 410 893 ut
439 867 560 894 nemo
593 854 749 894 dubitet
777 854 954 905 potuisse
981 853 1159 895 renovari
1192 855 1343 895 bellum
1369 860 1492 904 atrox,
1515 854 1624 907 lug-ua

231 919 311 968 bre,
334 918 527 959 incertum
547 919 659 959 victis
680 926 721 959 et
738 919 962 959 victoribus.

158 988 211 1029 47
395 985 488 1035 Ipse
515 997 673 1023 aversus
702 997 726 1023 a
754 983 927 1024 consiliis
957 983 1050 1024 belli
1080 984 1231 1023 ‘hunc'
1260 983 1388 1036 inquit
1407 982 1622 1034 ‘animum,

231 1049 334 1087 hanc
368 1048 550 1088 virtutem
583 1055 752 1088 vestram
786 1050 886 1088 ultra
919 1047 1101 1100 periculis
1135 1048 1293 1089 obicere
1326 1049 1444 1090 nimis
1475 1050 1625 1101 grande

231 1113 334 1152 vitae
371 1127 484 1153 meae
521 1113 689 1165 pretium
728 1121 836 1164 puto.
895 1120 1046 1164 quanto
1084 1115 1172 1165 plus
1211 1114 1295 1166 spei
1332 1113 1552 1162 ostenditis,
1590 1113 1624 1155 si

231 1178 360 1218 vivere
388 1180 570 1230 placeret,
602 1185 714 1218 tanto
742 1177 942 1230 pulchrior
970 1192 1075 1218 mors
1109 1178 1191 1218 erit.
1250 1179 1398 1230 experti
1425 1179 1468 1219 in
1492 1178 1624 1221 vicem

193 1258 212 1291 5
232 1257 368 1283 sumus
388 1257 462 1295 ego
480 1257 527 1283 ac
547 1245 713 1284 fortuna.
772 1257 846 1283 nec
872 1250 1029 1295 tempus
1054 1243 1383 1295 conputaveritis:
1425 1243 1624 1285 difficilius

231 1315 291 1348 est
311 1315 528 1360 temperare
554 1308 728 1348 felicitati
755 1322 834 1360 qua
860 1315 900 1349 te
928 1322 1011 1348 non
1036 1315 1150 1359 putes
1181 1309 1251 1349 diu
1277 1322 1454 1349 usurum.
1507 1307 1624 1350 civile

232 1373 380 1414 bellum
409 1388 433 1414 a
460 1373 623 1413 Vitellio
656 1373 799 1426 coepit,
828 1381 867 1414 et
895 1381 939 1414 ut
967 1375 1019 1414 de
1049 1373 1271 1426 principatu
1302 1382 1542 1415 certaremus
1567 1386 1625 1414 ar-

231 1440 307 1478 mis
337 1439 493 1479 initium
526 1439 605 1478 illic
635 1439 731 1479 fuit:
771 1451 823 1479 ne
854 1441 942 1490 plus
971 1453 1092 1491 quam
1119 1441 1243 1480 semel
1278 1447 1473 1480 certemus
1501 1451 1625 1492 penes

232 1517 298 1543 me
317 1506 542 1556 exemplum
570 1503 641 1544 erit
654 1519 665 1553 3
691 1503 784 1544 hinc
811 1504 1014 1544 Othonem
1043 1504 1250 1556 posteritas
1277 1504 1468 1546 aestimet.
1526 1504 1627 1544 frue-

174 1586 213 1609 10
231 1575 294 1608 tur
319 1569 501 1609 Vitellius
532 1570 659 1618 fratre,
685 1569 864 1620 coniuge,
893 1569 1049 1609 liberis:
1078 1569 1175 1609 mihi
1206 1583 1288 1610 non
1319 1569 1471 1610 ultione
1492 1581 1624 1621 neque

231 1634 386 1674 solaciis
413 1648 512 1686 opus
538 1642 607 1674 est.
665 1633 731 1674 alii
757 1633 904 1674 diutius
933 1633 1141 1686 imperium
1168 1634 1378 1685 tenuerint,
1397 1647 1520 1675 nemo
1541 1640 1623 1674 tam

230 1699 379 1740 fortiter
405 1699 613 1750 reliquerit.
671 1713 723 1739 an
752 1712 826 1751 ego
859 1706 1012 1738 tantum
1042 1701 1250 1740 Romanae
1277 1700 1405 1752 pubis,
1432 1706 1492 1740 tot
1519 1712 1623 1752 egre-

229 1764 315 1817 gios
345 1764 537 1805 exercitus
568 1763 687 1804 sterni
715 1777 846 1803 rursus
869 1771 908 1803 et
931 1763 987 1804 rei
1016 1764 1199 1815 publicae
1229 1765 1326 1817 eripi
1354 1764 1508 1817 patiar?
1559 1772 1624 1806 eat

230 1830 296 1870 hic
334 1843 490 1870 mecum
524 1829 692 1878 animus,
726 1837 929 1881 tamquam
961 1829 1121 1880 perituri
1159 1844 1231 1881 pro
1269 1844 1334 1870 me
1370 1829 1530 1879 fueritis,
1565 1838 1624 1871 set

172 1913 212 1946 15
231 1903 315 1936 este
352 1894 591 1947 superstites.
649 1909 723 1935 nec
754 1894 823 1935 diu
861 1908 1071 1943 moremur,
1107 1908 1180 1946 ego
1211 1895 1524 1936 incolumitatem
1562 1909 1623 1936 ve-

231 1968 362 2009 stram,
384 1974 454 2001 vos
474 1960 739 2001 constantiam
765 1973 907 2000 meam.
965 1961 1077 2011 plura
1104 1961 1156 2000 de
1184 1960 1367 2001 extremis
1394 1960 1506 2012 loqui
1533 1973 1622 2012 pars

230 2025 408 2077 ignaviae
446 2033 517 2066 est.
574 2025 830 2077 praecipuum
868 2024 1144 2065 destinationis
1181 2039 1294 2067 meae
1335 2027 1622 2066 documentum

230 2091 374 2131 habete
404 2092 513 2143 quod
542 2092 594 2131 de
622 2090 781 2131 nemine
809 2102 952 2142 queror
964 2104 977 2140 3
1008 2103 1102 2130 nam
1130 2091 1311 2133 incusare
1338 2093 1441 2133 deos
1464 2092 1527 2132 vel
1555 2091 1623 2131 ho-

230 2156 356 2199 mines
377 2156 460 2196 eius
481 2163 539 2196 est
555 2151 623 2207 qui
643 2155 771 2196 vivere
792 2155 907 2195 velit.’

232 2273 271 2294 12
294 2262 431 2293 insistre
447 2260 490 2292 M
621 2268 661 2300 15
684 2258 740 2291 vel
756 2254 904 2299 gemitus
927 2259 977 2294 W.
993 2261 1147 2294 Heraeus
1235 2252 1373 2302 propius
1389 2260 1431 2291 M

272 2311 332 2347 47.
359 2305 382 2337 6
404 2308 597 2345 temparere
612 2302 655 2333 M
739 2302 828 2334 civili
843 2303 887 2335 M
995 2306 1016 2335 8
1039 2305 1131 2337 illinc
1147 2304 1343 2345 Rhenanus,
1359 2303 1470 2335 Halm
1581 2312 1620 2342 13

229 2348 334 2380 streni
351 2348 394 2380 M
523 2358 562 2386 14
587 2357 626 2378 se
642 2349 729 2378 teste
744 2345 788 2378 M
799 2356 807 2378 :
830 2351 865 2379 et
880 2351 954 2379 este
969 2347 1114 2390 Spengel
1254 2348 1293 2380 18
1318 2347 1454 2386 nomine
1469 2343 1520 2388 M,
1537 2354 1616 2378 corr.

229 2391 286 2424 Ml
420 2401 460 2433 19
481 2391 575 2424 veuit
591 2389 634 2422 M
