1748 2826
168 167 227 205 IV
245 176 297 214 50
681 168 960 208 CORNELII
991 169 1187 208 TACITI

174 286 228 326 5ο
408 280 486 318 Sed
517 278 585 318 ubi
625 281 744 319 Festo
773 279 1039 320 consternatio
1068 281 1185 331 vulgi,
1220 268 1460 319 centurionis
1493 278 1638 332 suppli-

247 343 354 383 cium
384 357 554 396 veraque
580 352 619 384 et
643 346 738 384 falsa
768 358 877 385 more
901 346 1029 385 famae
1056 343 1097 383 in
1128 344 1253 385 maius
1281 344 1500 393 innotuere,
1529 342 1639 395 equi-

246 416 306 449 tes
329 408 371 448 in
396 422 537 449 necem
563 410 718 450 Pisonis
743 409 873 450 mittit.
931 409 987 449 illi
1008 410 1152 461 raptim
1179 409 1281 450 vecti
1309 410 1480 450 obscuro
1504 410 1637 451 adhuc

245 482 411 526 coeptae
430 474 529 514 lucis
553 476 719 516 domum
740 475 987 526 proconsulis
1014 474 1245 527 inrumpunt
1263 474 1458 516 destrictis
1482 473 1634 527 gladiis,

207 552 226 585 5
246 546 286 579 et
316 553 458 592 magna
490 553 578 591 pars
610 539 764 580 Pisonis
797 540 931 591 ignari,
967 541 1077 591 quod
1109 542 1265 580 Poenos
1297 539 1492 580 auxiliaris
1523 541 1637 578 Mau-

244 618 388 656 rosque
417 606 457 644 in
480 618 568 645 eam
596 607 761 645 caedem
790 606 996 656 delegerat.
1055 605 1163 644 haud
1191 606 1327 655 procul
1355 603 1540 645 cubiculo
1567 603 1638 644 ob-

243 669 352 710 vium
382 670 480 709 forte
511 682 667 710 servum
697 670 882 720 quisnam
915 676 955 709 et
982 667 1052 708 ubi
1080 676 1183 709 esset
1211 668 1305 709 Piso
1337 668 1634 720 interrogavere.

244 747 377 774 servus
415 735 569 786 egregio
603 735 814 774 mendacio
844 748 886 773 se
917 733 1104 774 Pisonem
1135 747 1221 773 esse
1250 734 1454 785 respondit
1485 746 1533 773 ac
1562 739 1638 776 sta-

244 798 318 839 tim
346 799 612 839 obtruncatur.
670 811 746 838 nec
775 801 903 838 multo
933 806 1024 850 post
1051 798 1145 838 Piso
1173 797 1425 847 interficitur3
1462 811 1636 849 namque

184 878 225 901 10
242 864 377 904 aderat
401 862 471 914 qui
494 868 687 912 nosceret,
715 863 888 903 Baebius
918 865 1053 903 Massa
1072 878 1094 904 e
1122 862 1439 915 procuratoribus
1465 861 1633 911 Africae,

242 927 323 968 iam
357 935 452 968 tunc
481 929 635 979 optimo
665 927 811 979 cuique
842 928 1030 968 exitiosus
1068 936 1107 968 et
1141 928 1242 968 inter
1269 939 1407 968 causas
1440 928 1634 968 malorum

242 1006 348 1045 quae
376 1006 471 1034 mox
501 993 663 1033 tulimus
690 994 846 1045 saepius
874 993 1080 1034 rediturus.
1137 995 1276 1033 Festus
1302 993 1538 1042 Adrumeto,
1565 990 1635 1032 ubi

243 1059 564 1110 speculabundus
611 1059 847 1106 substiterat,
895 1059 948 1098 ad
994 1058 1190 1109 legionem
1237 1058 1444 1098 contendit
1489 1057 1637 1109 praefe-

243 1131 432 1175 ctumque
468 1130 685 1164 castrorum
718 1123 976 1164 Caetronium
1013 1125 1202 1163 Pisanum
1232 1120 1369 1163 vinciri
1406 1120 1518 1162 iussit
1549 1133 1636 1174 pro-

182 1202 220 1235 15
241 1188 345 1240 prias
382 1188 437 1228 ob
473 1189 701 1237 simultates,
735 1189 806 1228 sed
845 1186 1001 1228 Pisonis
1033 1187 1241 1228 satellitem
1277 1186 1445 1228 vocabat
1477 1185 1636 1227 milites-

241 1267 319 1305 que
358 1260 397 1294 et
426 1254 677 1294 centuriones
714 1254 911 1306 quosdam
949 1253 1088 1304 puniit,
1119 1252 1218 1292 alios
1255 1251 1438 1304 praemiis
1475 1251 1632 1300 adfecit,

240 1326 425 1358 neutrum
468 1333 516 1359 ex
554 1318 707 1367 merito,
744 1319 817 1359 sed
854 1325 899 1358 ut
935 1316 1176 1369 oppressisse
1213 1317 1364 1357 bellum
1401 1317 1634 1357 crederetur.

239 1397 334 1424 mox
367 1383 587 1424 Oeensium
621 1383 1009 1434 Lepcitanorumque
1037 1382 1254 1424 discordias
1282 1381 1499 1434 componit,
1531 1395 1634 1434 quae

239 1455 353 1499 raptu
390 1449 546 1500 frugum
585 1454 626 1490 et
660 1461 850 1500 pecorum
888 1447 989 1487 inter
1025 1447 1187 1499 agrestis
1220 1446 1389 1488 modicis
1418 1445 1630 1499 principiis,

178 1529 220 1552 20
238 1513 319 1553 iam
343 1527 414 1565 per
442 1527 550 1553 arma
575 1520 695 1564 atque
720 1512 826 1554 acies
852 1513 1159 1562 exercebantur3
1189 1526 1282 1551 nam
1305 1513 1477 1564 populus
1504 1512 1637 1552 Oeen-

239 1578 294 1619 sis
325 1578 579 1619 multitudine
609 1577 768 1618 inferior
799 1580 1059 1618 Garamantas
1092 1576 1296 1624 exciverat,
1331 1583 1491 1628 gentem
1523 1575 1633 1616 indo·

238 1643 378 1684 mitam
396 1651 435 1685 et
454 1644 554 1684 inter
576 1645 734 1684 accolas
756 1642 970 1683 latrociniis
995 1643 1219 1682 fecundam.
1277 1642 1388 1682 unde
1407 1648 1515 1681 artae
1533 1642 1635 1692 Lep-

237 1708 378 1748 citanis
415 1723 487 1758 res,
524 1711 682 1760 lateque
715 1709 874 1748 vastatis
913 1708 1013 1759 agris
1046 1707 1147 1747 intra
1181 1706 1339 1746 moenia
1369 1705 1630 1757 trepidabant,

238 1776 368 1815 donec
390 1774 614 1815 interventu
640 1773 864 1815 cohortium
884 1775 1115 1824 alarumque
1132 1773 1209 1812 fusi
1235 1772 1495 1812 Garamantes
1519 1778 1559 1811 et
1578 1783 1634 1810 re-

177 1854 215 1886 ²5
237 1847 353 1891 cepta
386 1839 515 1879 omnis
541 1840 697 1891 praeda,
723 1838 798 1878 nisi
827 1852 948 1889 quarn
977 1837 1063 1889 vagi
1091 1849 1160 1888 per
1188 1835 1390 1877 inaccessa
1418 1836 1631 1888 mapalium
1687 1874 1690 1877 .
1718 1835 1735 1881 'J

236 1904 486 1944 ulterioribus
506 1903 777 1944 vendiderant.

174 1981 217 2019 51
399 1971 453 2009 At
485 1968 732 2020 Vespasiano
772 1976 861 2019 post
905 1969 1217 2009 Cremonensem
1254 1979 1428 2018 pugnam
1465 1972 1506 2006 et
1546 1978 1632 2018 pro·

237 2048 372 2086 speros
405 2034 582 2085 undique
622 2033 782 2073 nuntios
821 2032 1013 2073 cecidisse
1046 2032 1250 2072 Vitellium
1289 2030 1402 2071 multi
1439 2031 1633 2082 cuiusque

236 2099 396 2148 ordinis,
436 2101 518 2151 pari
561 2098 727 2140 audacia
769 2100 1006 2150 fortunaque
1045 2097 1255 2138 hibernum
1298 2110 1406 2136 mare
1443 2094 1628 2147 adgressi,

281 2209 343 2244 5ο.
374 2213 413 2233 10
437 2212 568 2233 massae
585 2201 628 2232 M
787 2211 823 2232 11
850 2201 939 2232 inter
958 2199 1057 2233 Wex:
1081 2201 1115 2232 in
1133 2200 1176 2232 M
1335 2210 1376 2232 12
1398 2198 1576 2240 adrimelto
1592 2198 1636 2230 M

240 2257 279 2285 14
304 2245 523 2278 Caetronium
543 2244 653 2284 Orelli,
669 2244 737 2276 coll.
755 2244 801 2276 A.
821 2243 841 2276 i.
859 2255 923 2284 44:
948 2245 1134 2276 eetronium
1150 2244 1193 2276 M
1375 2244 1415 2275 18
1441 2242 1630 2275 Oeensium

237 2289 394 2330 Lipsius:
420 2288 608 2329 offensiuml
628 2288 678 2327 M,
695 2288 770 2319 item
786 2299 818 2320 v.
838 2298 880 2318 20
969 2287 1295 2328 Leptitanorumque
1319 2286 1431 2329 vulgo,
1447 2288 1525 2318 item
1539 2295 1569 2318 v.
1587 2295 1630 2316 22

237 2332 302 2365 vid.
329 2331 513 2371 Andresen,
536 2329 790 2370 Wochenschrist
810 2331 879 2371 fiir
891 2330 989 2362 klass.
1014 2330 1135 2363 Philol.
1162 2331 1292 2373 (1904),
1318 2341 1351 2371 p.
1373 2340 1434 2370 142
1590 2338 1630 2369 19

239 2382 372 2416 raptum
388 2375 437 2414 M,
455 2385 532 2406 corr.
554 2374 595 2404 M
598 2373 609 2393 ¹
700 2378 738 2404 ut
756 2374 846 2404 inter
863 2373 1067 2406 Cornelissen
1198 2385 1239 2405 22
1263 2378 1338 2406 arte
1354 2373 1395 2404 M
