1748 2826
179 153 221 192 11
241 162 297 201 39
681 152 958 193 CORNELII
988 154 1183 194 TACITI

240 279 359 318 quam
385 265 526 316 exequi
550 267 693 305 manet.
751 266 974 318 promoveri
1003 267 1055 306 ad
1083 274 1267 318 quartum
1295 280 1319 306 a
1349 266 1544 307 Bedriaco
1571 279 1634 306 ca-

239 338 317 371 stra
365 332 522 382 placuit,
562 331 665 371 adeo
712 330 891 382 imperite
933 339 976 371 ut
1014 344 1257 383 quamquam
1295 345 1416 372 verno
1453 339 1632 384 tempore

238 395 333 435 anni
362 403 401 436 et
430 403 488 436 tot
519 396 668 436 circum
696 396 880 436 amnibus
908 396 1072 448 penuria
1100 411 1227 448 aquae
1255 396 1519 448 fatigarentur.
1576 395 1632 436 ibi

180 480 221 503 10
240 463 291 501 de
317 461 467 513 proelio
493 461 729 509 dubitatum,
753 462 917 501 Othone
943 475 1014 514 per
1042 461 1188 501 litteras
1218 461 1417 513 flagitante
1441 468 1484 500 ut
1509 467 1633 500 rnatu-

240 533 380 574 rarent,
416 525 605 566 militibus
639 533 683 566 ut
720 525 933 578 imperator
964 539 1121 577 pugnae
1158 527 1315 566 adesset
1352 525 1632 577 poscentibus:

239 591 416 643 plerique
442 591 576 643 copias
603 598 708 630 trans
734 593 887 631 Padum
914 591 1065 642 agentis
1089 590 1205 630 acciri
1235 591 1500 642 postulabant.
1557 603 1632 630 nec

239 656 407 707 proinde
440 655 645 695 diiudicari
680 662 810 707 potest
842 657 940 707 quid
974 655 1170 706 optimum
1208 656 1313 695 factu
1351 655 1477 704 fuerit,
1512 668 1632 708 quam
1659 677 1661 679 v

239 721 456 772 pessimum
477 720 596 760 fuisse
615 721 725 772 quod
746 722 894 760 factum
914 727 984 761 est.

164 798 219 836 40
403 788 496 827 Non
534 793 576 825 ut
613 787 666 825 ad
698 799 871 837 pugnam
906 786 977 826 sed
1007 786 1059 826 ad
1086 785 1320 827 bellandum
1346 785 1512 839 profecti
1540 798 1632 826 con-

238 852 395 890 fluentis
426 850 524 890 Padi
553 858 592 890 et
621 851 753 890 Ardae
782 849 1003 899 fluminum,
1035 850 1210 891 sedecim
1237 849 1332 891 inde
1360 850 1513 890 milium
1544 862 1634 902 spa-

237 916 294 955 tio
314 915 505 963 distantis,
528 916 728 966 petebant.
789 915 908 956 Celso
928 922 967 955 et
994 915 1160 956 Paulino
1178 914 1447 955 abnuentibus
1465 913 1632 956 militem

237 980 375 1020 itinere
413 981 572 1028 fessum,
603 979 764 1019 sarcinis
796 993 954 1031 gravem
984 979 1141 1020 obicere
1175 981 1291 1028 hosti,
1322 992 1406 1019 non
1437 977 1633 1020 omissuro

199 1058 217 1090 5
238 1058 318 1095 quo
348 1043 478 1083 minus
507 1043 712 1095 expeditus
742 1051 781 1083 et
806 1043 869 1083 vix
896 1051 1081 1095 quattuor
1110 1043 1217 1083 milia
1242 1057 1431 1095 passuum
1458 1056 1634 1096 progres-

238 1123 303 1149 sus
332 1116 400 1147 aut
429 1108 714 1159 incompositos
743 1107 785 1146 in
813 1107 971 1159 agmine
994 1116 1062 1148 aut
1087 1108 1285 1159 dispersos
1312 1115 1351 1148 et
1374 1109 1522 1148 vallum
1549 1120 1632 1148 mo-

236 1172 366 1213 lientis
395 1174 682 1223 adgrederetur,
714 1172 896 1212 Titianus
931 1180 970 1213 et
1005 1174 1205 1221 Proculus,
1241 1171 1311 1212 ubi
1344 1171 1518 1213 consiliis
1550 1170 1632 1213 vin-

237 1244 427 1285 cerentur,
458 1238 511 1276 ad
540 1238 598 1276 ius
628 1236 782 1288 imperii
811 1236 1041 1277 transibant.
1098 1238 1234 1276 aderat
1267 1250 1362 1276 sane
1395 1236 1497 1276 citus
1525 1249 1631 1288 equo

237 1302 415 1342 Numida
443 1315 535 1341 cum
563 1300 762 1341 atrocibus
792 1300 999 1349 mandatis,
1032 1300 1175 1352 quibus
1206 1301 1315 1342 Otho
1344 1299 1537 1352 increpita
1561 1301 1631 1342 du-

177 1388 217 1412 10
237 1381 329 1407 cum
359 1366 524 1417 segnitia
552 1379 635 1406 rem
663 1365 705 1405 in
734 1365 946 1406 discrimen
975 1365 1078 1406 mitti
1107 1365 1281 1415 iubebat,
1309 1379 1425 1417 aeger
1452 1378 1564 1406 mora
1592 1372 1631 1405 et

238 1432 324 1484 spei
343 1431 564 1483 impatiens.

172 1508 220 1547 41
402 1497 559 1536 Eodem
587 1495 652 1536 die
681 1497 734 1536 ad
763 1496 978 1537 Caecinam
1007 1496 1117 1548 operi
1144 1496 1276 1548 pontis
1313 1495 1511 1536 intentum
1549 1495 1630 1537 duo

238 1561 519 1614 praetoriarum
558 1560 781 1601 cohortium
819 1560 976 1609 tribuni,
1017 1560 1275 1612 conloquium
1313 1560 1396 1601 eius
1434 1561 1633 1611 postulan-

238 1635 308 1676 teS,
339 1633 553 1667 venerunt:
592 1625 727 1666 audire
757 1626 1013 1665 condiciones
1046 1639 1093 1666 ac
1131 1627 1295 1666 reddere
1331 1625 1506 1678 parabat,
1537 1638 1630 1666 cum

237 1692 469 1745 praecipites
501 1693 764 1744 exploratores
796 1693 935 1732 adesse
968 1693 1124 1731 hostem
1162 1690 1402 1732 nuntiavere.
1470 1690 1631 1732 interru-

197 1773 215 1806 5
237 1766 328 1809 ptus
357 1757 605 1797 tribunorum
633 1770 772 1805 sermo,
801 1769 929 1807 eoque
958 1756 1151 1796 incertum
1180 1755 1253 1796 fuit
1280 1755 1442 1796 insidias
1467 1768 1520 1796 an
1544 1767 1631 1807 pro-

236 1822 429 1862 ditionem
449 1823 511 1862 vel
536 1821 699 1873 aliquod
725 1823 937 1861 honestum
964 1821 1173 1861 consilium
1196 1820 1474 1872 coeptaverint.
1533 1819 1631 1860 Cae-

235 1887 324 1926 cina
353 1886 524 1926 dimissis
558 1886 724 1926 tribunis
758 1893 935 1926 revectus
969 1885 1010 1926 in
1043 1893 1170 1926 castra
1201 1886 1341 1925 datum
1373 1884 1484 1924 iussu
1515 1883 1629 1924 Fabii

235 1951 414 1991 Valentis
435 1965 590 2003 pugnae
611 1951 767 2004 signum
787 1959 826 1992 et
853 1950 1018 1990 militem
1045 1949 1086 1989 in
1105 1949 1222 1990 armis
1242 1948 1403 1990 invenit.
1461 1949 1560 1989 dum
1578 1950 1630 1988 le-

234 2016 372 2067 giones
410 2018 461 2056 de
500 2017 638 2056 ordine
666 2016 834 2067 agminis
872 2015 1096 2063 sortiuntur,
1133 2014 1285 2066 equites
1314 2004 1552 2066 prorupere3
1589 2019 1628 2052 et

234 2134 251 2163 7
277 2123 447 2164 quartum]
465 2124 503 2164 cf.
520 2123 611 2155 Plut.
632 2124 707 2156 Oth.
728 2125 763 2155 xi
923 2136 945 2165 9
969 2124 1120 2156 manibus
1137 2124 1179 2155 M
1333 2133 1372 2164 13
1396 2122 1538 2163 perinde
1553 2121 1626 2155 dett.

233 2167 314 2207 quid
331 2167 518 2199 Rhenanus
536 2178 543 2198 :
569 2168 659 2207 quod
676 2167 717 2198 M
847 2178 886 2207 14
910 2168 1043 2210 sactum!
1062 2167 1104 2198 M

277 2218 341 2251 40.
368 2220 388 2242 2
412 2210 526 2241 Ardae
542 2210 861 2251 Valmaggz·(Adrae
877 2211 928 2243 vel
942 2211 1080 2243 Hadrae
1093 2209 1229 2252 Hardy)
1244 2221 1251 2241 :
1273 2210 1380 2241 aduae
1397 2208 1440 2240 M
1451 2220 1459 2240 ε
1481 2208 1624 2240 Adduae

232 2254 439 2285 Puteolanus
455 2264 463 2285 z
487 2253 570 2285 Padi
587 2258 622 2285 et
639 2253 759 2286 Aduae
775 2255 842 2286 secl.
860 2254 1039 2297 Nipperdey
1147 2273 1149 2276 -
1188 2264 1209 2293 4
1231 2253 1399 2285 omissuro
1415 2251 1469 2284 ⁶²:
1492 2252 1624 2284 ammis-

233 2297 377 2382 δαὶ-ἑξ,
399 2344 563 2372 venerant
579 2339 703 2383 Haase,
724 2340 833 2374 Halm
974 2352 994 2381 4
1019 2339 1159 2381 explora
1180 2339 1184 2382 Ι
1204 2340 1326 2371 adesse
1343 2338 1386 2370 M
1524 2348 1544 2378 5
1569 2337 1624 2368 vel

234 2384 460 2425 proditionem
477 2394 520 2417 an
536 2383 660 2417 §chatz
