1748 2826
449 446 809 496 CORNELII
863 443 1124 494 TACITI

416 582 475 638 H
500 582 525 636 I
547 582 661 637 ST
680 581 732 636 O
753 581 809 636 R
829 581 854 635 I
874 580 931 634 A
951 578 1078 634 RV
1100 578 1163 632 M

651 711 824 750 LIBER
866 711 925 749 IV

249 827 523 870 INTERFECTO
546 825 709 869 Vitellio
737 826 887 866 bellum
914 823 1039 876 magis
1067 824 1238 864 desierat
1265 835 1386 875 quam
1419 835 1495 874 pax
1516 832 1534 860 1

84 899 281 943 coeperat.
339 892 478 932 armati
507 905 578 944 per
605 891 747 932 urbem
775 891 944 931 victores
973 889 1214 941 implacabili
1244 888 1341 929 odio
1367 890 1493 928 victos

85 957 443 998 consectabantur:
482 959 625 1010 plenae
656 956 847 998 caedibus
877 956 976 1005 viae,
1012 963 1176 995 cruenta
1209 956 1292 994 fora
1331 954 1495 1004 templa-

85 1035 176 1075 que,
208 1022 356 1075 passim
387 1023 602 1072 trucidatis,
639 1030 683 1062 ut
714 1034 917 1074 quemque
948 1022 1027 1061 fors
1057 1020 1266 1060 obtulerat.
1323 1032 1370 1058 ac
1402 1031 1495 1057 mox

84 1095 325 1141 augescente
357 1088 519 1129 licentia
551 1087 715 1128 scrutari
748 1101 796 1128 ac
827 1088 1054 1139 protrahere
1085 1085 1245 1126 abditos
1258 1099 1270 1135 3
1309 1086 1341 1124 si
1373 1098 1495 1136 quem
1516 1096 1534 1128 5

84 1166 294 1206 procerum
327 1153 467 1194 habitu
505 1160 545 1194 et
583 1154 744 1194 iuventa
776 1158 1073 1203 conspexerant,
1111 1151 1350 1191 obtruncare
1384 1151 1497 1189 nullo

86 1219 258 1260 militurn
277 1226 346 1259 aut
365 1218 503 1271 populi
527 1218 767 1259 discrimine.
827 1231 930 1269 quae
957 1216 1120 1257 saevitia
1143 1216 1369 1256 recentibus
1392 1214 1496 1254 odiis

85 1283 279 1336 sanguine
315 1284 558 1336 explebatur,
599 1283 694 1324 dein
733 1290 902 1323 verterat
941 1284 981 1322 in
1025 1281 1241 1322 avaritiam,
1299 1280 1397 1320 nihil
1435 1293 1496 1319 us-

85 1362 208 1402 quam
245 1357 443 1390 secretum
475 1355 544 1389 aut
582 1350 762 1389 clausurn
801 1348 998 1396 sinebant,
1032 1347 1268 1387 Vitellianos
1306 1344 1496 1386 occultari

85 1414 330 1455 simulantes.
387 1413 544 1454 initium
568 1413 610 1455 id
636 1414 1004 1466 perfringendarum
1030 1414 1238 1461 domuum,
1260 1413 1323 1453 vel
1350 1411 1382 1451 si
1405 1410 1496 1451 resi·
1518 1424 1559 1447 10

86 1485 263 1527 steretur‚
303 1492 424 1519 causa
460 1480 593 1519 caedis
607 1494 619 1528 3
635 1492 732 1519 *nec
776 1480 912 1519 deerat
951 1478 1229 1530 egentissimus
1268 1479 1440 1528 quisque
1473 1490 1496 1516 e

85 1545 205 1597 plebe
242 1551 282 1584 et
319 1543 482 1596 pessimi
520 1544 767 1584 servitiorum
807 1546 976 1596 prodere
1019 1545 1124 1583 ultro
1162 1542 1255 1583 ditis
1294 1541 1493 1590 dominos,

56 1609 152 1664 ‘alii
177 1608 232 1650 ab
255 1608 395 1649 amicis
425 1608 757 1650 monstrabantur.
818 1609 969 1660 ubique
998 1610 1185 1657 lamenta,
1214 1605 1497 1647 conclamatio-

85 1688 173 1715 nes
189 1681 228 1715 et
258 1675 417 1714 fortuna
446 1681 586 1726 captae
611 1674 730 1723 urbis,
760 1676 863 1715 adeo
890 1682 934 1714 ut
961 1673 1182 1715 Othoniani
1207 1672 1497 1723 Vitellianique

87 1738 222 1780 militis
254 1737 451 1778 invidiosa
487 1746 604 1780 antea
643 1739 863 1791 petulantia
898 1739 1198 1780 desideraretur.
1255 1738 1380 1777 duces
1411 1749 1496 1788 par·
1518 1748 1556 1782 15

85 1804 187 1845 tium
223 1804 486 1844 accendendo
529 1804 635 1845 civili
677 1805 785 1845 bello
823 1818 945 1854 aeres,
987 1805 1269 1856 temperandae
1306 1801 1497 1843 victoriae

86 1869 270 1922 impares,
303 1869 453 1920 quippe
490 1868 593 1910 inter
631 1870 767 1910 turbas
807 1878 846 1911 et
885 1870 1105 1910 discordias
1139 1869 1315 1921 pessimo
1349 1867 1495 1918 cuique

87 1934 257 1988 plurima
281 1933 350 1983 vis,
376 1947 454 1986 pax
476 1941 516 1974 et
539 1934 652 1987 quies
678 1935 795 1976 bonis
821 1935 971 1975 artibus
1000 1934 1191 1986 indigent.

237 2000 400 2040 Nomen
455 2001 675 2052 sedemque
727 2000 909 2042 Caesaris
968 1999 1223 2040 Domitianus
1275 2004 1492 2049 acceperat,
1513 2007 1539 2035 2

87 2063 268 2103 nondum
306 2064 359 2104 ad
396 2078 510 2105 curas
548 2066 735 2114 intentus,
771 2067 843 2106 sed
882 2065 1026 2117 stupris
1061 2072 1100 2104 et
1131 2064 1333 2105 adulteriis
1367 2063 1493 2102 filiurn

86 2126 274 2180 principis
297 2129 450 2180 agebat.
509 2132 755 2181 praefectura
782 2130 967 2182 praetorii
994 2143 1118 2182 penes
1142 2129 1302 2169 Arrium
1327 2131 1491 2176 Varum,

130 2238 157 2264 1.
185 2242 206 2271 4
231 2232 302 2264 fors
317 2231 376 2264 M*
391 2232 427 2266 in
443 2234 619 2275 margine:
651 2244 728 2266 sors
744 2234 788 2266 M
969 2234 991 2265 6
1016 2239 1243 2275 conspexerat
1259 2233 1309 2273 M,
1330 2244 1411 2265 corr.
1434 2233 1476 2264 M
1481 2233 1491 2253 ¹

85 2275 307 2308 obtruncaret
320 2275 371 2317 M,
389 2286 471 2310 corr.
487 2276 544 2309 Μ1
683 2288 722 2310 10
750 2278 897 2320 domum!
917 2277 959 2310 M
1103 2287 1141 2308 12
1166 2278 1326 2318 pessimis
1342 2271 1391 2318 M,
1410 2287 1489 2308 corr.

87 2316 144 2350 M¹
283 2327 324 2361 13
343 2320 402 2352 ubi
432 2319 484 2360 M,
514 2331 580 2361 que
610 2326 769 2363 superscr.
794 2325 825 2354 et
852 2322 888 2352 in
921 2322 1073 2362 margine
1103 2321 1227 2361 ubique
1259 2320 1301 2352 M
1304 2320 1315 2341 ¹
1454 2330 1491 2359 14

86 2361 245 2396 fortunae
261 2361 306 2394 M
438 2364 482 2398 16
499 2366 653 2397 accendo
670 2365 714 2397 M
847 2375 884 2405 17
909 2366 999 2397 inter
1019 2365 1141 2398 Wurm
1157 2378 1163 2397 :
1190 2365 1224 2397 in
1241 2364 1284 2397 M

130 2429 204 2452 τΑο.
225 2429 315 2453 msr.
1365 2421 1404 2451 1-‘3
