1748 2826
213 140 255 178 11
275 151 292 178 1
719 144 994 184 CORNELII
1025 147 1220 186 TACITI

214 267 254 290 20
271 253 395 291 filium
420 260 660 293 excusatum.
718 254 779 293 sin
798 255 1065 306 Vespasianus
1094 271 1175 296 rem
1205 258 1405 309 publicam
1434 257 1661 310 susciperet,

271 318 586 358 obliviscendum
608 320 845 359 offensarum
865 322 916 360 de
936 321 1041 360 bello
1060 321 1310 372 agitantibus.

228 396 252 424 2
433 383 510 422 His
547 397 595 422 ac
628 384 772 424 talibus
806 383 906 424 inter
939 399 1050 436 spem
1085 394 1315 438 metumque
1349 386 1537 427 iactatum
1572 399 1662 438 spes

269 447 371 487 vicit.
430 449 586 487 fuerunt
613 448 682 500 qui
704 463 916 489 accensum
943 449 1141 490 desiderio
1167 451 1378 491 Berenices
1403 451 1560 503 reginae
1583 464 1664 491 ver-

269 512 362 552 tisse
396 513 468 552 iter
500 514 704 553 crederent
718 528 729 562 3
769 528 899 565 neque
931 515 1169 554 abhorrebat
1201 528 1225 554 a
1258 515 1449 555 Berenice
1481 514 1663 555 iuvenilis

268 577 434 626 animus,
471 578 542 618 sed
578 577 760 629 gerendis
797 579 915 617 rebus
955 580 1109 617 nullum
1148 593 1194 618 ex
1232 593 1280 618 eo
1317 579 1660 630 impedimentum.

232 654 250 687 5
268 644 412 682 laetam
440 642 709 693 voluptatibus
736 643 1047 682 adulescentiam
1076 645 1164 695 egit,
1197 657 1269 683 suo
1298 658 1418 695 quam
1446 643 1566 696 patris
1593 642 1664 683 im-

269 706 378 758 perio
417 706 664 746 moderatior.
737 706 853 757 igitur
889 721 998 747 oram
1032 708 1207 748 Achaiae
1241 716 1280 748 et
1313 709 1431 749 Asiae
1468 723 1515 749 ac
1551 710 1663 749 laeva

269 772 386 811 maris
419 780 660 823 praevectus,
694 773 886 812 Rhodum
915 780 954 812 et
984 774 1160 824 Cyprum
1194 774 1352 823 insulas,
1383 774 1478 815 inde
1511 776 1661 826 Syriam

267 836 567 876 audentioribus
605 836 739 887 spatiis
778 837 949 888 petebat.
1011 845 1130 888 atque
1167 838 1278 878 illum
1316 838 1465 891 cupido
1502 833 1663 880 incessit

267 900 443 941 adeundi
471 901 704 952 visendique
738 903 930 953 templum
964 902 1139 953 Paphiae
1167 903 1344 951 Veneris,
1381 903 1560 944 inclitum
1593 918 1663 956 per

210 982 250 1005 10
267 965 473 1016 indigenas
506 967 770 1017 advenasque.
829 967 935 1006 haud
970 967 1085 1006 fuerit
1117 969 1279 1019 longum
1309 968 1421 1008 initia
1452 969 1662 1021 religionis,

268 1029 404 1081 templi
437 1030 568 1079 ritum,
597 1032 765 1070 formam
798 1032 898 1071 deae
931 1030 1079 1083 <neque
1113 1032 1220 1072 enim
1252 1033 1347 1074 alibi
1385 1033 1441 1074 sic
1477 1035 1662 1087 habetur)

267 1094 403 1146 paucis
423 1095 623 1135 disserere.

222 1168 248 1206 3
431 1159 691 1200 Conditorem
715 1159 853 1210 templi
878 1173 1009 1210 regern
1030 1160 1189 1201 Aeriam
1213 1169 1325 1202 vetus
1351 1163 1552 1213 memoria,
1578 1164 1662 1216 qui-

266 1225 360 1264 dam
387 1224 509 1276 ipsius
535 1225 634 1263 deae
662 1238 810 1263 nomen
839 1224 880 1264 id
909 1225 1130 1275 perhibent.
1187 1228 1294 1266 fama
1320 1228 1515 1268 recentior
1541 1229 1660 1269 tradit

265 1302 290 1328 a
313 1289 457 1340 Cinyra
483 1296 678 1328 sacratum
703 1291 894 1340 templum
920 1291 1118 1341 deamque
1143 1289 1270 1342 ipsam
1298 1299 1533 1344 conceptam
1562 1293 1660 1332 mari

266 1354 344 1392 huc
375 1354 582 1404 adpulsam
596 1366 607 1401 3
645 1354 716 1392 sed
745 1353 950 1392 scientiam
978 1361 1182 1405 artemque
1211 1355 1464 1407 haruspicum
1491 1355 1658 1398 accitar'n

227 1432 246 1465 5
265 1425 304 1457 et
334 1417 500 1458 Cilicem
534 1417 735 1456 Tamiram
770 1417 960 1467 intulisse,
988 1426 1108 1469 atque
1136 1418 1190 1458 ita
1222 1427 1383 1471 pactum
1417 1427 1461 1460 ut
1488 1421 1659 1462 familiae

265 1482 468 1534 utriusque
501 1481 646 1533 posteri
679 1482 927 1522 caerimoniis
960 1482 1237 1534 praesiderent.
1295 1498 1398 1533 mox,
1429 1498 1481 1525 ne
1508 1487 1660 1526 honore

264 1549 374 1587 nullo
416 1546 565 1598 regium
606 1560 730 1597 genus
775 1546 1019 1598 peregrinam
1064 1547 1226 1598 stirpem
1269 1550 1531 1598 antecelleret,
1573 1549 1660 1602 ipsa

263 1625 383 1663 quarn
410 1611 622 1651 intulerant
649 1612 812 1651 scientia
839 1611 1014 1663 hospites
1043 1626 1219 1653 cessere:
1257 1620 1412 1652 tanturn
1441 1613 1658 1666 Cinyrades

263 1678 446 1716 sacerdos
485 1676 711 1716 consulitur.
777 1677 943 1726 hostiae,
977 1684 1020 1716 ut
1059 1677 1227 1728 quisque
1263 1678 1383 1727 vovit,
1422 1680 1494 1719 sed
1531 1693 1658 1720 mares

203 1758 244 1780 10
262 1741 510 1792 deliguntur:
539 1741 757 1781 certissima
783 1743 881 1782 fides
901 1743 1120 1782 haedorum
1140 1742 1259 1781 fibris.
1317 1743 1551 1794 sanguinem
1568 1757 1658 1784 arae

263 1806 484 1845 obfundere
512 1806 702 1846 vetitum:
743 1808 926 1858 precibus
955 1815 994 1847 et
1023 1807 1113 1858 igne
1141 1820 1241 1858 puro
1268 1808 1405 1846 altaria
1436 1809 1655 1856 adolentur,

262 1884 336 1910 nec
365 1871 454 1910 ullis
483 1871 676 1911 imbribus
706 1886 948 1925 quamquam
973 1871 1013 1912 in
1039 1880 1176 1924 aperto
1200 1873 1445 1912 madescunt.
1502 1872 1657 1912 simula-

261 1948 372 1974 crum
399 1937 499 1975 deae
527 1950 609 1976 non
637 1937 763 1989 effigie
790 1939 975 1986 humana,
1004 1937 1216 1977 continuus
1245 1935 1352 1976 orbis
1380 1936 1517 1977 latiore
1542 1937 1657 1978 initio

261 2006 424 2039 tenuem
443 2001 483 2039 in
500 2001 693 2042 ambitum
711 2010 839 2043 metae
860 2004 984 2043 modo
1001 2015 1203 2053 exurgens,
1225 2008 1285 2042 set
1303 2000 1402 2041 ratio
1417 2001 1458 2041 in
1473 2002 1653 2043 obscuro.

306 2110 338 2136 2.
368 2114 381 2134 1
409 2108 443 2136 et
455 2110 649 2146 metumque
669 2117 690 2138 a
844 2117 865 2138 2
889 2106 984 2138 fuere
1000 2105 1043 2138 al.
1152 2104 1335 2137 Berenices
1351 2108 1381 2137 et
1394 2115 1424 2137 v.
1442 2115 1463 2146 3
1487 2105 1656 2138 Berenice

264 2146 420 2187 Lipsius:
439 2148 619 2181 beronices
641 2172 649 2182 .
678 2175 685 2183 .
715 2173 723 2183 .
746 2150 906 2182 beronice
923 2149 997 2182 dett.
1064 2149 1086 2180 6
1108 2149 1292 2181 modestior
1301 2148 1344 2181 al.
1403 2159 1421 2188 7
1445 2149 1591 2191 insulas]
1607 2149 1660 2181 hic

263 2189 345 2221 redit
359 2190 521 2223 Mediceus
654 2203 691 2224 11
718 2193 817 2226 ritum
835 2193 972 2225 Dureau
991 2193 1028 2225 de
1044 2192 1196 2224 Lamalle
1211 2203 1219 2223 ε
1242 2192 1343 2224 situm
1359 2191 1402 2223 M

307 2240 339 2273 3.
367 2244 380 2265 1
406 2234 544 2267 Aeriam
569 2235 773 2268 Rhenanus:
804 2237 943 2276 verian;
970 2236 1027 2269 M:
1062 2235 1190 2267 Aerian
1217 2233 1245 2267 I.
1270 2234 1454 2268 Gronovius

261 2277 454 2317 aruspicum
481 2278 523 2310 M
672 2289 692 2319 5
716 2285 751 2312 et
776 2280 915 2312 Cilicem
941 2279 1149 2311 Rhenanus:
1184 2283 1217 2309 et
1244 2278 1373 2320 cililcen
1401 2278 1444 2309 M
1452 2289 1462 2310 ε
1492 2288 1512 2309 e
1535 2276 1656 2309 Cilicia

263 2319 468 2352 Puteolanus
597 2332 615 2362 7
640 2323 714 2363 ipsa
730 2323 784 2355 M¹
801 2334 808 2354 :
833 2323 940 2364 ipsam
957 2320 1000 2353 M
1142 2322 1162 2353 8
1186 2320 1369 2353 intulerant
1385 2321 1447 2354 det.
1466 2331 1475 2354 ε
1497 2319 1656 2353 intulerat

263 2362 306 2394 M
437 2373 475 2404 14
498 2365 627 2398 ambitu
645 2367 741 2409 meta}
761 2367 803 2399 M
886 2370 939 2399 set
962 2366 1099 2397 Wurm:
1125 2369 1160 2397 et
1176 2363 1218 2396 M
1660 2382 1663 2385 -
