1748 2826
183 140 203 179 1
221 141 279 188 46
662 140 939 180 CORNELII
969 141 1164 181 TACITI

220 253 356 299 fectus,
388 258 591 302 tamquam
626 250 665 289 in
700 250 868 290 insulam
902 257 1166 302 seponeretur,
1202 251 1254 290 ab
1287 257 1462 299 evocato,
1494 263 1614 302 quem

161 330 200 363 25
219 318 272 356 ad
300 318 464 356 caedem
493 316 576 355 eius
604 317 713 356 Otho
739 315 1002 367 praemiserat,
1031 317 1238 356 confossus
1253 331 1263 365 ;
1292 315 1332 355 in
1364 315 1614 355 Marcianum

222 383 375 421 Icelum
395 388 438 421 ut
456 381 497 420 in
517 380 702 420 libertum
723 382 853 432 palam
873 380 1203 420 animadversum.

149 456 202 496 47
383 448 534 485 Exacto
564 459 633 497 per
661 447 808 485 scelera
836 445 901 485 die
929 445 1188 485 novissimum
1218 447 1412 485 malorum
1443 445 1514 485 fuit
1539 446 1614 486 lae-

183 552 186 553 γ
220 511 315 551 titia.
373 518 489 551 vocat
522 518 702 550 senatum
736 518 892 561 praetor
924 511 1108 560 urbanus,
1141 519 1291 551 certant
1319 510 1614 551 adulationibus

220 575 339 615 ceteri
373 575 630 627 magistratus,
662 577 876 615 adcurrunt
909 584 1062 627 patres:
1105 577 1329 616 decernitur
1364 576 1514 616 Othoni
1553 576 1615 615 tri-

221 642 381 682 bunicia
395 648 570 694 potestas
586 648 624 680 et
640 654 787 680 nomen
800 641 968 692 Augusti
982 650 1020 681 et
1035 655 1175 681 omnes
1191 642 1413 694 principum
1430 643 1611 689 honores,

182 722 199 755 5
219 706 491 747 adnitentibus
529 706 680 746 cunctis
711 707 869 746 abolere
907 706 1086 746 convicia
1117 720 1164 747 ac
1202 707 1356 759 probra,
1390 719 1492 757 quae
1529 718 1614 758 pro-

221 772 344 811 misce
366 771 468 811 iacta
494 771 668 811 haesisse
692 771 828 810 animo
855 770 939 811 eius
963 785 1083 812 nemo
1103 772 1250 822 sensit3
1278 771 1475 812 omisisset
1495 772 1615 810 offen·
1651 777 1653 779 ’

220 850 283 876 sas
319 850 371 876 an
409 836 624 876 distulisset
663 836 852 876 brevitate
890 836 1043 888 imperii
1081 837 1121 876 in
1159 837 1311 876 incerto
1349 835 1431 875 fuit.
1504 836 1614 876 Otho

219 909 385 942 cruento
411 903 543 941 adhuc
566 903 651 940 foro
680 914 748 952 per
777 908 944 952 stragem
974 901 1185 941 iacentium
1215 901 1256 941 in
1286 899 1528 953 Capitolium
1556 906 1615 940 at·

219 980 298 1018 que
326 966 421 1006 inde
447 965 489 1005 in
520 965 712 1004 Palatium
736 972 871 1005 vectus
901 966 1067 1006 concedi
1094 979 1259 1017 corpora
1287 967 1511 1017 sepulturae
1537 958 1626 1006 cre-⁷

160 1049 200 1071 10
220 1031 398 1083 marique
431 1029 617 1082 permisit.
678 1030 864 1069 Pisonem
894 1030 1066 1069 Verania
1099 1044 1196 1069 uxor
1228 1044 1275 1070 ac
1313 1032 1429 1070 frater
1458 1029 1615 1070 ‘Scribo-

219 1097 371 1144 nianus,
407 1095 543 1135 Titum
577 1095 741 1134 Vinium
777 1095 958 1146 Crispina
997 1095 1076 1134 filia
1114 1108 1385 1147 composuere,
1426 1093 1614 1147 quaesitis

219 1160 515 1212 redemptisque
561 1159 767 1211 capitibus,
819 1173 921 1210 quae
968 1159 1121 1199 venalia
1168 1161 1437 1200 interfectores
1490 1173 1614 1200 serva-

218 1233 365 1266 verant.

146 1291 200 1339 48
381 1291 475 1331 Piso
512 1304 636 1330 unum
676 1297 715 1329 et
748 1288 1018 1329 tricensimum
1053 1289 1190 1329 aetatis
1228 1302 1378 1328 annum
1417 1289 1611 1340 explebat,

218 1358 323 1396 fama
351 1355 512 1396 meliore
541 1368 661 1406 quam
691 1356 857 1394 fortuna.
916 1355 1051 1393 fratres
1077 1353 1160 1393 eius
1189 1356 1383 1405 Magnum
1407 1354 1610 1403 Claudius,

218 1423 405 1462 Crassum
445 1422 553 1460 Nero
585 1419 883 1459 interfecerant:
919 1418 1002 1470 ipse
1031 1418 1100 1458 diu
1129 1420 1229 1467 exul,
1259 1417 1483 1469 quadriduo
1516 1419 1613 1459 Cae-

218 1500 289 1533 sar,
317 1493 524 1537 properata
551 1484 767 1536 adoptione
794 1486 844 1523 ad
875 1485 952 1523 hoc
982 1491 1136 1522 tantum
1165 1483 1303 1523 maiori
1333 1482 1438 1522 fratri
1468 1484 1613 1534 praela—

178 1563 195 1595 5
218 1558 279 1590 tus
313 1557 372 1590 est
403 1558 446 1590 ut
474 1550 579 1601 prior
612 1549 867 1589 occideretur.
926 1549 1041 1588 Titus
1070 1548 1212 1588 Vinius
1242 1548 1529 1600 quinquaginta
1556 1561 1613 1588 se—

216 1623 325 1667 ptem
353 1629 480 1655 annos
506 1614 620 1655 variis
645 1614 820 1653 moribus
851 1614 939 1665 egit.
998 1620 1107 1665 pater
1140 1613 1195 1652 illi
1224 1613 1420 1665 praetoria
1452 1611 1610 1661 familia,

217 1689 416 1720 maternus
443 1694 539 1720 avus
568 1694 590 1720 e
617 1679 853 1731 proscriptis.
913 1678 1039 1730 prima
1066 1677 1204 1717 militia
1230 1677 1409 1718 infamis:
1438 1677 1611 1729 legatum

218 1745 434 1786 Calvisium
468 1745 659 1785 Sabinum
695 1744 896 1791 habuerat,
929 1743 1040 1782 cuius
1075 1756 1171 1782 uxor
1205 1744 1307 1782 mala
1340 1742 1528 1794 cupidine
1559 1741 1612 1781 vi-

217 1810 329 1849 sendi
359 1810 478 1849 situm
507 1816 735 1856 castrorum,
767 1822 835 1859 per
870 1815 1029 1847 noctem
1064 1807 1219 1846 militari
1253 1806 1391 1846 habitu
1424 1807 1608 1858 ingressa,

158 1894 196 1916 10
216 1888 308 1914 curn
328 1874 477 1925 vigilias
506 1881 544 1913 et
573 1880 702 1913 cetera
731 1873 892 1912 militiae
923 1872 1058 1911 munia
1084 1873 1225 1912 eadem
1250 1871 1407 1911 lascivia
1427 1879 1611 1923 temptas·

216 1946 285 1987 set,
316 1938 357 1977 in
386 1938 480 1989 ipsis
510 1938 710 1989 principiis
745 1946 923 1989 stuprum
956 1951 1061 1985 ausa,
1093 1945 1132 1976 et
1165 1937 1338 1976 criminis
1373 1936 1489 1976 huius
1522 1950 1611 1976 reus

216 2004 329 2042 Titus
358 2002 500 2042 Vinius
533 2004 776 2054 arguebatur.
840 2003 955 2053 igitur
988 2002 1095 2041 iussu
1129 2003 1177 2042 G.
1215 2001 1392 2042 Caesaris
1425 2008 1611 2041 oneratus

216 2067 374 2116 catenis,
408 2081 500 2107 mox
534 2068 753 2107 mutatione
783 2075 1007 2119 temporum
1035 2066 1232 2115 dimissus,
1264 2080 1379 2106 cursu
1413 2068 1609 2106 honorum

215 2186 257 2214 24
281 2177 507 2213 seponeretur
529 2177 660 2203 amotus
683 2171 883 2213 Nipperdey:
907 2171 1041 2203 Ostiam
1065 2174 1198 2201 amotus
1223 2169 1336 2210 ibique
1351 2168 1525 2201 Andresen
1541 2167 1608 2200 coll.

216 2219 262 2249 A.
280 2217 348 2248 xvi.
368 2226 389 2256 9
488 2220 697 2255 evocatoque
713 2216 754 2246 ad
772 2214 814 2245 M
942 2215 982 2244 26
1006 2213 1040 2244 in
1058 2212 1117 2244 del.
1136 2212 1254 2244 Nova'k

259 2267 317 2302 47.
345 2270 364 2291 2
387 2264 483 2291 vacat
500 2258 540 2289 M
670 2258 691 2288 6
714 2258 870 2289 omisisse
887 2262 939 2289 tot
959 2257 1073 2288 sensas
1090 2256 1132 2287 M
1245 2257 1266 2287 8
1288 2260 1401 2296 strage
1417 2253 1461 2286 M
1568 2264 1609 2286 10

216 2305 337 2335 fratres
354 2302 394 2333 M
403 2308 464 2343 per
477 2301 707 2343 compendium

259 2346 321 2389 48.
346 2358 365 2387 3
389 2346 630 2377 interfecerant
647 2344 704 2375 Μ1
722 2356 728 2375 :
753 2345 969 2375 interfecerat
987 2343 1028 2374 M
1110 2343 1189 2373 exui
1206 2341 1249 2373 M
1343 2351 1383 2372 10
1406 2345 1607 2382 temptasset

216 2391 428 2429 Puteolanus,
442 2389 508 2420 coll.
522 2389 568 2420 A.
581 2399 634 2421 xv.
647 2399 688 2427 42
706 2399 713 2419 :
739 2392 964 2427 temperasset
976 2385 1034 2418 M:
1058 2390 1258 2418 temerasset
1273 2385 1459 2417 Rhenanus
1567 2393 1602 2415 11

217 2436 267 2478 et]
287 2439 338 2466 cst
356 2434 468 2474 Ritter,
487 2432 594 2464 Halm
609 2444 615 2464 :
641 2436 691 2463 est
709 2438 742 2464 et
759 2430 938 2472 Nipperdey
