1748 2826
1558 0 1578 15 r*
1592 0 1738 28 :3359ss

174 168 217 211 11
236 181 290 221 43
677 172 953 213 CORNELII
983 173 1180 214 TACITI

236 296 458 335 cognomen
505 283 669 336 Rapaci,
707 290 837 324 vetere
879 283 1002 335 gloria
1044 283 1217 336 insignis,
1258 298 1280 324 e
1313 291 1423 336 parte
1455 284 1628 326 Othonis

235 347 361 399 prima
379 347 572 398 Adiutrix,
594 362 676 389 non
695 355 787 390 ante
812 348 853 389 in
881 348 1008 390 aciem
1033 350 1215 399 deducta,
1238 351 1309 390 sed
1331 351 1440 391 ferox
1468 358 1508 392 et
1533 350 1629 392 novi

197 426 215 459 5
236 413 388 454 decoris
427 413 552 454 avida.
610 413 779 466 primani
817 414 944 454 stratis
982 414 1460 456 unaetvicensimanorum
1489 415 1630 468 princi-

235 478 309 530 piis
339 478 512 531 aquilam
540 479 738 520 abstulere
751 494 762 529 3
803 493 883 531 quo
912 481 1049 520 dolore
1079 493 1246 520 accensa
1275 480 1378 532 legio
1406 488 1446 521 et
1473 481 1629 534 impulit

235 557 366 583 rursus
403 543 614 595 primanos,
655 544 862 585 interfecto
893 544 1048 585 Orfidio
1081 545 1263 596 Benigno
1299 546 1440 596 legato,
1475 552 1515 586 et
1546 547 1631 599 plu-

235 607 334 648 rima
364 608 474 660 signa
499 609 719 661 vexillaque
753 623 799 649 ex
832 608 1013 649 hostibus
1046 610 1184 662 rapuit.
1241 623 1266 650 a
1298 617 1408 662 parte
1441 609 1518 650 alia
1544 623 1631 662 pro-

235 675 349 724 pulsa
381 674 662 725 quintanorum
701 675 851 726 impetu
890 674 1002 714 tertia
1035 674 1191 715 decima
1223 674 1337 727 legio,
1372 674 1630 716 circumventi

177 751 217 775 10
235 737 407 790 plurium
444 740 613 779 adcursu
652 739 998 791 quartadecimani.
1058 746 1097 779 et
1134 739 1304 780 ducibus
1341 739 1514 781 Othonis
1551 739 1631 780 iam

235 801 389 853 pridem
418 804 591 855 profugis
621 804 794 845 Caecina
821 817 868 844 ac
896 806 1043 844 Valens
1073 804 1258 845 subsidiis
1287 817 1379 844 suos
1408 804 1628 845 firmabant.

235 867 400 907 accessit
438 882 574 909 recens
612 869 810 918 auxilium,
849 871 976 908 Varus
1014 870 1179 909 Alfenus
1213 883 1305 909 cum
1343 868 1514 918 Batavis,
1544 870 1632 908 fusa

235 931 497 982 gladiatorum
529 946 660 981 manu,
693 947 812 984 quam
844 933 1010 973 navibus
1040 940 1302 974 transvectam
1333 932 1542 986 obpositae
1569 945 1632 973 co-

236 997 369 1036 hortes
402 996 443 1036 in
477 996 563 1048 ipso
601 998 764 1038 flumine
797 998 1110 1039 trucidaverant:
1139 999 1193 1038 ita
1225 999 1393 1039 victores
1425 1000 1528 1039 latus
1563 998 1632 1039 ho-

178 1074 217 1107 15
237 1061 356 1100 stium
384 1061 539 1101 invecti.

163 1135 218 1175 44
401 1128 452 1166 Et
500 1126 632 1167 media
679 1129 764 1167 acie
808 1134 991 1179 perrupta
1035 1130 1167 1180 fugere
1209 1127 1355 1180 passim
1399 1125 1626 1177 Othoniani,

238 1190 474 1230 Bedriacum
494 1198 685 1243 petentes.
733 1192 971 1232 immensum
996 1192 1036 1233 id
1057 1193 1237 1245 spatium,
1260 1194 1486 1234 obstructae
1503 1199 1632 1244 strage

237 1269 447 1307 corporum
480 1256 577 1304 viae,
610 1270 690 1308 quo
723 1259 811 1308 plus
845 1257 977 1298 caedis
1015 1257 1087 1296 fuit
1100 1272 1112 1307 3
1151 1270 1281 1309 neque
1314 1257 1421 1298 enim
1451 1255 1631 1298 civilibus

238 1320 350 1360 bellis
380 1320 483 1372 capti
513 1321 553 1360 in
579 1323 765 1373 praedam
789 1329 1002 1362 vertuntur.
1061 1322 1273 1362 Suetonius
1293 1322 1482 1362 Paulinus
1507 1328 1548 1363 et
1570 1320 1633 1361 Li-

199 1398 217 1431 5
238 1385 364 1425 einius
395 1388 584 1426 Proculus
621 1386 784 1426 diversis
815 1384 1019 1426 itineribus
1057 1394 1182 1426 castra
1218 1388 1398 1428 vitavere.
1456 1386 1632 1427 Vedium

238 1450 425 1501 Aquilam
464 1450 600 1490 tertiae
637 1450 816 1490 decimae
855 1450 1018 1502 legionis
1057 1452 1229 1503 legatum
1266 1451 1347 1491 irae
1377 1450 1561 1493 militum.
1577 1450 1631 1491 in-

238 1516 442 1555 consultus
475 1527 596 1566 pavor
629 1514 782 1555 obtulit.
842 1517 967 1554 multo
997 1516 1130 1556 adhuc
1163 1515 1229 1556 die
1259 1516 1406 1555 vallum
1435 1514 1632 1567 ingressus

238 1581 410 1620 clamore
441 1579 718 1619 seditiosorum
749 1586 787 1618 et
817 1579 1015 1632 fugacium
1047 1579 1380 1631 circumstrepitur
1392 1594 1404 1628 3
1435 1591 1519 1621 non
1545 1591 1633 1632 pro-

238 1643 327 1691 bris,
362 1656 442 1683 non
474 1643 656 1683 manibus
685 1644 886 1684 abstinent
899 1658 911 1694 ;
948 1645 1189 1685 desertorem
1222 1643 1545 1695 proditoremque
1575 1641 1633 1683 in·

180 1722 221 1747 10
238 1715 411 1759 crepant,
449 1709 559 1748 nullo
596 1708 755 1760 proprio
791 1707 955 1749 crimine
993 1708 1076 1748 eius
1118 1709 1189 1748 sed
1226 1721 1336 1747 more
1373 1706 1479 1759 vulgi
1515 1719 1632 1748 suum

238 1773 408 1825 quisque
437 1772 627 1825 flagitium
647 1773 732 1813 aliis
760 1773 1015 1814 obiectantes.
1075 1772 1278 1812 Titianum
1307 1779 1346 1812 et
1366 1773 1530 1814 Celsum
1552 1784 1632 1813 nox
1658 1785 1663 1790 ⁷

238 1837 345 1886 iuvit,
385 1837 585 1889 dispositis
622 1838 701 1878 iam
740 1838 915 1878 excubiis
953 1836 1252 1890 conpressisque
1289 1835 1493 1886 militibus,
1529 1849 1632 1887 quos

239 1902 394 1942 Annius
425 1904 561 1942 Gallus
599 1902 766 1943 consilio
803 1903 986 1955 precibus
1024 1901 1255 1941 auctoritate
1292 1901 1462 1948 flexerat,
1492 1913 1544 1940 ne
1571 1913 1632 1941 su-

237 1980 307 2018 per
344 1968 498 2007 cladem
537 1969 723 2008 adversae
767 1981 923 2019 pugnae
960 1966 1124 2007 suismet
1168 1964 1242 2016 ipsi
1286 1964 1475 2004 caedibus
1510 1963 1633 2005 saevi-

179 2044 219 2078 15
238 2038 347 2072 rent:
391 2031 472 2072 sive
503 2032 592 2072 finis
625 2033 732 2073 bello
763 2032 934 2073 venisset
972 2046 1040 2072 seu
1078 2043 1275 2071 resumere
1307 2043 1420 2070 arma
1456 2030 1632 2079 mallent,

239 2096 401 2137 unicum
432 2096 543 2137 victis
574 2097 614 2137 in
646 2111 843 2139 consensu
877 2100 1154 2139 levamentum.
1212 2094 1350 2136 ceteris
1380 2096 1525 2135 fractus
1551 2093 1633 2135 ani-

239 2175 358 2202 mus:
397 2162 665 2213 praetorianus
696 2163 808 2203 miles
846 2177 928 2204 non
958 2163 1098 2203 virtute
1136 2175 1178 2201 se
1216 2161 1287 2201 sed
1319 2158 1544 2212 proditione
1580 2157 1633 2197 vi-

240 2233 347 2267 ctum
376 2227 595 2268 fremebat:
632 2241 684 2269 ne
713 2228 934 2270 Vitellianis
963 2228 1125 2280 quidem
1159 2228 1404 2266 incruentam
1431 2225 1552 2270 fuisse
1579 2220 1632 2263 vi-

240 2339 260 2369 4
285 2330 381 2372 novi]
398 2340 467 2364 non
481 2329 515 2363 vi
530 2330 574 2363 M
672 2341 693 2372 5
720 2341 783 2373 une
800 2336 834 2364 et
851 2331 1168 2373 vilcensimanorum
1186 2328 1227 2360 M
1238 2340 1246 2360 r
1268 2327 1631 2376 unetvicesimanorum

240 2372 418 2415 Nipperdey
561 2383 602 2406 12
622 2373 734 2407 Varus
749 2375 937 2408 Rhenanus
953 2387 960 2407 :
983 2376 1138 2417 valrenus
1153 2372 1196 2404 M
1337 2381 1376 2411 13
1401 2370 1576 2420 obpisdtae
1593 2367 1633 2399 M

285 2424 349 2459 44.
374 2419 395 2449 8
419 2417 771 2460 cirlcircumstrepitur
786 2418 829 2449 M
915 2419 954 2450 16
971 2419 1093 2450 ceteris
1111 2440 1118 2449 .
1137 2441 1145 2449 .
1163 2440 1172 2450 .
1191 2414 1357 2448 fremebat
1369 2417 1448 2455 post
1461 2417 1631 2454 perituros

242 2472 270 2494 v.
292 2471 335 2501 23
357 2461 520 2494 collocavit
538 2462 755 2504 Dieckmann,
786 2462 905 2504 probat
928 2461 1109 2504 Valmaggi
1127 2460 1189 2505 qui
1207 2462 1282 2491 ante
1301 2457 1355 2489 his
1376 2457 1536 2491 lacunam
1557 2467 1631 2491 sus-

237 2505 369 2546 picatur
500 2507 539 2537 18
562 2506 743 2539 Incruenta
758 2506 801 2538 M
