1748 2826
198 155 240 192 II
261 162 287 202 5
702 155 977 196 CORNELII
1009 157 1205 197 TACITI

258 267 365 306 solae
394 267 554 307 virtutes
588 267 854 307 miscerentur.
913 269 1087 308 ceterum
1117 268 1181 308 hic
1210 268 1352 320 Syriae,
1383 269 1449 309 ille
1477 270 1653 315 Iudaeae

198 350 237 372 10
256 332 513 383 praepositus,
553 332 691 372 vicinis
733 332 1020 384 provinciarum
1059 333 1466 374 administrationibus
1505 334 1652 375 invidia

255 397 467 444 discordes,
509 397 614 436 exitu
656 398 818 436 demum
858 397 1028 437 Neronis
1063 397 1202 449 positis
1246 399 1348 438 odiis
1390 399 1431 438 in
1472 399 1651 440 medium

255 464 499 511 consuluere,
535 462 705 513 primum
744 475 813 513 per
850 462 1013 512 amicos,
1045 462 1138 502 dein
1169 463 1379 514 praecipua
1412 465 1650 505 concordiae

254 529 353 567 fides
400 527 513 566 Titus
558 541 676 578 prava
713 527 929 566 certamina
966 529 1169 567 communi
1207 527 1374 568 utilitate
1411 529 1647 578 aboleverat,

253 599 393 631 natura
442 599 561 643 atque
605 599 687 631 arte
733 592 977 642 compositus
1020 591 1254 632 adliciendis
1301 592 1421 631 etiarn
1469 593 1647 635 Muciani

195 673 232 706 15
252 657 440 697 moribus.
499 656 645 696 tribuni
673 655 1005 707 centurionesque
1029 663 1067 695 et
1090 657 1229 707 vulgus
1256 656 1425 696 militum
1456 656 1650 706 industria

251 721 419 770 licentia,
465 735 534 772 per
578 722 739 760 virtutes
783 734 852 772 per
893 722 1126 772 voluptates,
1166 729 1209 760 ut
1248 721 1392 773 cuique
1430 723 1645 774 ingenium5

251 786 584 826 adsciscebantur.

202 854 231 892 6
413 853 639 901 Antequam
690 850 804 890 Titus
857 851 1086 891 adventaret
1136 853 1425 891 sacramentum
1473 847 1654 892 Othonis

249 923 454 966 acceperat
492 923 656 966 uterque
694 915 896 964 exercitus,
936 915 1226 966 praecipitibus,
1267 923 1311 955 ut
1347 917 1512 965 adsolet,
1547 929 1647 954 nun-

248 980 312 1019 tiis
338 988 377 1019 et
404 982 514 1019 tarda
544 982 648 1019 mole
679 980 802 1019 civilis
833 980 936 1028 belli,
959 982 1069 1031 quod
1097 982 1215 1031 longa
1245 980 1458 1020 concordia
1487 979 1644 1031 quietus

249 1044 391 1084 Oriens
421 1052 516 1084 tunc
542 1045 712 1095 primum
737 1044 909 1095 parabat.
968 1058 1142 1095 namque
1162 1044 1258 1084 olim
1278 1044 1520 1084 validissima
1542 1045 1644 1085 inter

209 1125 225 1157 5
248 1123 289 1148 se
318 1109 463 1148 civium
492 1123 600 1149 arma
628 1109 668 1148 in
700 1109 815 1149 Italia
844 1109 1022 1148 Galliave
1046 1109 1191 1148 viribus
1216 1110 1448 1150 Occidentis
1476 1111 1618 1161 coepta
1632 1124 1644 1159 3

247 1181 285 1213 et
315 1174 519 1224 Pompeio,
551 1175 703 1223 Cassio,
731 1176 865 1222 Bruto,
893 1174 1081 1222 Antonio,
1111 1187 1211 1224 quos
1241 1175 1370 1213 omnis
1399 1181 1506 1214 trans
1535 1187 1642 1214 mare

246 1245 426 1277 secutum
468 1245 527 1278 est
569 1238 683 1277 civile
726 1239 886 1286 bellum,
927 1239 1034 1277 haud
1078 1238 1254 1288 prosperi
1300 1238 1425 1277 exitus
1463 1240 1642 1289 fuerant3

244 1303 448 1353 auditique
468 1303 623 1354 saepius
651 1302 690 1341 in
712 1304 821 1353 Syria
848 1304 1077 1353 Iudaeaque
1100 1304 1288 1343 Caesares
1315 1316 1435 1354 quam
1459 1303 1638 1354 inspecti.

244 1369 352 1406 nulla
399 1368 542 1407 seditio
588 1367 802 1418 legionum,
847 1374 1000 1407 tantum
1047 1369 1233 1407 adversus
1281 1369 1447 1407 Parthos
1494 1367 1636 1418 minae,

186 1445 224 1467 10
243 1432 350 1471 vario
377 1440 521 1472 eventu
536 1447 546 1482 ;
575 1440 614 1471 et
637 1432 817 1483 proximo
843 1432 947 1471 civili
976 1433 1080 1472 bello
1100 1432 1265 1471 turbatis
1290 1431 1375 1471 aliis
1402 1431 1639 1473 inconcussa

242 1498 297 1536 ibi
323 1511 410 1548 pax,
432 1497 525 1537 dein
549 1498 647 1536 fides
674 1511 765 1548 erga
788 1497 970 1537 Galbam.
1029 1511 1131 1546 mox,
1154 1504 1197 1536 ut
1217 1498 1422 1537 Othonem
1447 1510 1494 1536 ac
1517 1497 1639 1537 Vitel-

241 1562 338 1601 lium
368 1562 542 1602 scelestis
572 1562 689 1601 armis
723 1575 783 1601 res
818 1564 1021 1601 Romanas
1056 1569 1211 1613 raptum
1245 1562 1300 1601 ire
1328 1563 1531 1612 vulgatum
1564 1569 1634 1611 est,

242 1642 291 1667 ne
318 1641 440 1678 penes
467 1634 618 1666 ceteros
645 1627 798 1677 imperii
825 1627 1009 1677 praemia,
1031 1640 1153 1678 penes
1179 1627 1286 1678 ipsos
1313 1634 1468 1666 tantum
1489 1624 1636 1666 vservitii

241 1692 454 1733 necessitas
497 1699 611 1740 esset,
647 1693 811 1731 fremere
850 1691 962 1730 miles
997 1699 1035 1731 et
1069 1691 1158 1730 viris
1193 1705 1282 1730 suas
1321 1690 1632 1743 circumspicere.

182 1771 219 1804 15
239 1765 391 1809 septem
439 1756 613 1807 legiones
661 1756 791 1795 statim
839 1763 878 1796 et
917 1769 1008 1795 cum
1056 1756 1282 1807 ingentibus
1328 1755 1481 1796 auxiliis
1528 1755 1637 1807 Syria

242 1825 470 1872 Iudaeaque
485 1837 495 1871 3
533 1821 627 1860 inde
660 1820 850 1860 continua
879 1823 1081 1872 Aegyptus
1111 1822 1294 1872 duaeque
1322 1820 1509 1871 legiones,
1541 1821 1636 1861 hinc

240 1887 497 1938 Cappadocia
527 1889 758 1937 Pontusque
787 1894 825 1926 et
854 1886 1045 1937 quicquid
1072 1887 1288 1925 castrorum
1308 1885 1507 1925 Armeniis
1527 1899 1635 1937 prae-

239 1951 423 1991 tenditur.
481 1952 576 1990 Asia
610 1959 648 1990 et
681 1958 834 1990 ceterae
867 1951 1091 2006 provinciae
1119 1964 1194 1990 nec
1222 1950 1393 1990 virorum
1427 1950 1567 2002 inopes
1595 1958 1634 1990 et

238 2016 407 2068 pecunia
448 2018 669 2067 opulentae.
742 2022 936 2066 quantum
981 2016 1195 2054 insularum
1241 2015 1339 2054 mari
1376 2015 1555 2066 cingitur,
1594 2023 1634 2056 et

181 2098 220 2119 20
239 2082 415 2133 parando
436 2080 590 2120 interim
612 2082 718 2119 bello
738 2082 959 2134 secundum
980 2087 1189 2131 tutumque
1210 2080 1338 2131 ipsum
1359 2093 1477 2120 mare.

197 2157 220 2196 7
402 2147 496 2184 Non
529 2146 687 2184 fallebat
722 2147 843 2185 duces
878 2145 1048 2196 impetus
1083 2144 1263 2193 militum,
1294 2146 1364 2184 sed
1393 2144 1632 2184 bellantibus

283 2249 317 2283 5.
348 2252 382 2273 11
410 2242 502 2273 exitu
521 2241 599 2273 M¹=
623 2241 749 2273 exitum
767 2240 809 2272 M
939 2252 978 2281 14
1002 2241 1144 2273 mociani

284 2286 321 2317 6.
347 2296 367 2316 2
392 2285 612 2325 precipitibus
628 2285 690 2316 ab:
715 2284 878 2327 precibus}
899 2285 958 2316 M:
981 2286 1177 2325 pernicibus
1189 2284 1292 2323 Jacob
1379 2295 1400 2324 4
1422 2284 1630 2316 validissima

240 2328 295 2359 Ml
313 2341 320 2360 :
342 2329 580 2360 validissimam
599 2329 641 2359 M
771 2339 787 2368 7
813 2333 946 2360 secutos
963 2333 994 2359 st
1012 2328 1060 2369 M,
1079 2339 1158 2360 corr.
1179 2327 1235 2358 M1
1377 2329 1398 2358 8
1420 2328 1571 2367 aditique
1591 2327 1630 2357 M

244 2383 283 2413 19
306 2373 451 2413 pecunia
479 2372 609 2403 Rz'tter:
647 2372 810 2412 pecuniae
834 2372 885 2412 M,
908 2371 1028 2403 Meiser
1156 2376 1190 2403 et
1212 2371 1282 2403 secl.
1309 2370 1492 2410 Acidalius,
1518 2370 1628 2402 Halm

241 2426 284 2447 20
306 2416 396 2447 bello
413 2416 467 2446 Ml
484 2427 492 2447 ε
516 2415 593 2446 belli
614 2416 654 2446 M
