1748 2826
219 149 256 187 V
274 156 299 197 5
723 149 999 189 CORNELII
1029 151 1224 190 TACITI

274 261 482 301 stituerunt
527 269 569 301 ut
614 261 839 302 diversitate
885 270 1109 303 noscantur.
1166 263 1394 316 transgressi
1435 263 1477 303 in
1518 276 1669 305 rnorem

215 344 256 368 10
274 341 413 368 eorum
442 327 550 367 idem
579 335 780 379 usurpant,
812 342 887 368 nec
911 330 1124 380 quicquam
1153 328 1260 380 prius
1289 329 1522 369 imbuuntur
1548 342 1671 380 quam

275 401 532 434 contemnere
571 395 678 441 deos
721 406 862 433 exuere
902 393 1079 445 patriam,
1120 402 1301 445 parentes
1348 394 1493 434 liberos
1534 395 1671 434 fratres

275 458 367 498 vilia
389 458 546 498 habere.
604 458 810 508 augendae
831 465 965 497 tamen
986 458 1229 498 multitudini
1250 458 1467 498 consulitur
1478 473 1490 508 3
1518 471 1612 498 nam
1631 464 1671 497 et

275 536 416 563 necare
450 535 694 573 quemquam
728 535 776 561 ex
809 522 960 573 agnatis
998 524 1119 570 nefas,
1155 522 1390 574 animosque
1423 522 1574 574 proelio
1602 531 1672 563 aut

276 587 477 639 suppliciis
498 594 789 638 peremptorum
811 595 992 626 aeternos
1012 594 1175 638 putant:
1210 587 1302 627 hinc
1327 587 1542 638 generandi
1559 601 1672 628 amor

217 666 254 699 15
275 660 314 692 et
348 652 543 691 moriendi
572 659 835 702 contemptus.
894 665 1060 703 corpora
1092 653 1265 692 condere
1296 665 1419 703 quam
1449 665 1624 693 cremare
1648 666 1672 693 e

276 730 386 757 more
406 716 613 768 Aegyptio,
642 717 864 767 eademque
887 730 980 756 cura
1005 724 1044 756 et
1073 717 1124 756 de
1153 715 1314 756 infernis
1342 715 1556 768 persuasio,
1581 729 1670 757 cae-

275 783 433 822 lestium
464 789 611 821 contra.
670 781 852 833 Aegyptii
882 783 1069 833 pleraque
1097 781 1283 821 animalia
1310 782 1540 834 effigiesque
1565 795 1674 823 com-

275 846 424 898 positas
456 853 700 895 venerantur,
736 846 875 886 Iudaei
908 854 1041 886 mente
1079 847 1162 886 sola
1199 859 1404 898 unumque
1437 859 1587 888 numen
1616 847 1674 888 in-

275 914 492 963 tellegunt:
531 912 717 962 profanos
751 910 819 962 qui
853 912 973 950 deum
1008 911 1198 962 imagines
1231 910 1465 951 mortalibus
1497 911 1670 952 materiis

216 992 257 1016 20
276 978 318 1018 in
348 977 498 1029 species
536 976 745 1016 hominurn
784 977 999 1027 effingant;
1031 989 1232 1015 summum
1265 975 1363 1015 illud
1395 982 1436 1016 et
1467 983 1672 1017 aeternum

277 1055 408 1094 neque
427 1040 618 1081 imitabile
638 1054 768 1092 neque
788 1040 1048 1080 interiturum.
1106 1040 1222 1092 igitur
1247 1041 1356 1080 nulla
1381 1039 1590 1082 simulacra
1614 1055 1673 1082 ur-

279 1109 395 1150 bibus
426 1109 516 1154 suis,
547 1108 697 1146 nedum
731 1105 889 1156 templis
921 1107 1088 1155 sistunt;
1115 1118 1198 1145 non
1226 1105 1384 1157 regibus
1412 1106 1512 1146 haec
1539 1107 1674 1147 adula-

277 1174 343 1223 tio,
376 1186 456 1213 non
485 1172 720 1213 Caesaribus
744 1173 882 1211 honor.
942 1172 1013 1211 sed
1033 1171 1126 1222 quia
1154 1172 1380 1211 sacerdotes
1406 1183 1547 1212 eorum
1574 1171 1674 1212 tibia

277 1240 555 1290 tympanisque
594 1236 872 1284 concinebant,
913 1237 1060 1276 hedera
1092 1236 1366 1276 vinciebantur
1401 1235 1571 1289 vitisque
1607 1251 1674 1277 au-

217 1322 257 1354 ²5
277 1318 343 1344 rea
371 1305 521 1355 templo
543 1310 715 1353 reperta,
747 1301 936 1341 Liberum
968 1309 1118 1353 patrem
1150 1301 1238 1350 coli,
1269 1301 1507 1342 domitorem
1538 1302 1673 1343 Orien·

278 1371 340 1418 tis,
366 1368 528 1420 quidam
560 1367 735 1407 arbitrati
766 1374 870 1416 sunt,
900 1380 1154 1418 nequaquam
1185 1367 1494 1418 congruentibus
1525 1367 1675 1408 institu-

278 1434 340 1474 tis.
399 1435 547 1485 quippe
582 1431 700 1472 Liber
731 1433 853 1472 festos
885 1433 1091 1483 laetosque
1124 1431 1219 1471 ritus
1257 1433 1399 1483 posuit,
1433 1433 1674 1473 Iudaeorum

278 1513 365 1539 mos
385 1499 579 1538 absurdus
600 1497 873 1548 sordidusque.

230 1573 259 1612 6
440 1566 563 1603 Terra
593 1564 771 1614 finesque
805 1576 883 1614 qua
913 1564 966 1603 ad
997 1562 1202 1603 Orientem
1233 1567 1398 1613 vergunt
1429 1561 1577 1602 Arabia
1604 1569 1676 1601 ter-

280 1629 489 1678 minantur,
518 1642 541 1668 a
567 1628 731 1668 meridie
758 1630 962 1679 Aegyptus
987 1627 1155 1676 obiacet,
1188 1627 1240 1667 ab
1274 1640 1419 1667 occasu
1453 1626 1681 1667 Phoenices

279 1702 318 1735 et
356 1708 474 1742 mare,
516 1692 827 1744 septentrionem
866 1706 889 1732 e
925 1694 1045 1732 latere
1089 1691 1220 1743 Syriae
1257 1693 1374 1743 longe
1411 1698 1675 1744 prospectant,

279 1773 444 1812 corpora
473 1760 682 1798 hominum
709 1757 880 1797 salubria
908 1765 948 1797 et
977 1757 1141 1797 ferentia
1169 1757 1361 1796 laborum.
1418 1755 1492 1796 rari
1517 1756 1674 1805 imbres,

244 1842 261 1874 5
280 1827 379 1865 uber
399 1826 527 1864 solum
544 1839 552 1863 ε
584 1820 834 1876 [exuberant]
856 1824 985 1874 fruges
1006 1828 1184 1861 nostrum
1204 1823 1256 1861 ad
1277 1834 1427 1861 morem
1446 1827 1677 1872 praeterque

281 1905 346 1931 eas
375 1890 597 1929 balsamum
628 1896 666 1928 et
697 1890 862 1939 palmae.
922 1888 1104 1939 palmetis
1131 1887 1342 1938 proceritas
1370 1893 1410 1926 et
1437 1886 1570 1932 decor,
1597 1885 1678 1924 bal-

281 1969 435 1995 samum
456 1953 614 1994 modica
634 1953 773 1993 arbor:
808 1961 851 1992 ut
871 1954 1040 2004 quisque
1063 1965 1192 1991 ramus
1218 1950 1414 1999 intumuit,
1437 1951 1470 1989 si
1488 1949 1568 1988 vim
1588 1948 1677 1989 ferri

280 2021 481 2068 adhibeas,
506 2027 650 2070 pavent
671 2033 796 2059 venae
810 2034 820 2068 3
852 2017 1042 2069 fragmine
1061 2016 1202 2068 lapidis
1221 2023 1289 2055 aut
1309 2022 1409 2055 testa
1427 2014 1678 2066 aperiuntur3

282 2099 396 2125 umor
415 2086 457 2124 in
478 2099 551 2125 usu
575 2084 821 2124 medentium
847 2092 917 2124 est.
976 2083 1231 2134 praecipuum
1255 2079 1452 2119 montium
1478 2078 1675 2118 Libanum

287 2201 322 2221 11
343 2191 527 2232 pariltriam
547 2190 597 2231 M,
614 2201 694 2223 corr.
714 2188 770 2221 Ml
864 2199 902 2229 13
926 2188 1015 2220 natis
1030 2186 1175 2228 Lspsius,
1194 2185 1376 2227 Nipperdey
1475 2194 1514 2224 15
1538 2184 1677 2216 condire

289 2233 407 2271 Triller‚
423 2233 576 2266 Heraeus
726 2235 765 2265 16
788 2233 964 2273 Aegyptio
981 2241 1073 2272 cura,
1090 2231 1276 2270 eademque
1294 2233 1328 2260 et
1344 2228 1497 2261 Heraeus
1597 2238 1678 2260 cura

284 2277 352 2310 secl.
383 2277 565 2309 Prammer
715 2278 754 2308 18
776 2287 880 2308 unum
906 2276 924 2306 b
1070 2284 1112 2305 22
1135 2274 1258 2304 sistunt
1283 2271 1481 2303 Daderlein:
1514 2275 1593 2302 sunt
1617 2270 1678 2302 M:

284 2322 398 2352 sinunt
413 2320 439 2352 I.
457 2321 494 2352 F.
517 2321 702 2352 Gronovius
719 2332 726 2352 ε
749 2323 902 2352 statuunt
920 2317 1094 2350 Gudeman
1269 2325 1310 2355 23
1335 2316 1364 2346 is
1380 2315 1489 2346 honor
1504 2313 1677 2345 D6derlein
1724 2322 1726 2324 ’

285 2375 326 2403 24
349 2364 612 2396 continebantur
627 2364 670 2395 M
797 2371 839 2401 25
864 2363 896 2392 in
913 2361 1040 2401 templo
1056 2361 1172 2399 Ritter,
1187 2359 1295 2390 Halm

329 2406 365 2440 6.
395 2417 409 2438 1
436 2407 582 2438 arabiam
601 2407 651 2447 M,
668 2417 749 2440 corr.
767 2404 823 2436 M1
971 2414 991 2435 2
1014 2404 1163 2435 saenices
1178 2402 1221 2433 M
1371 2409 1391 2442 5
1413 2400 1600 2434 exuberant
1615 2398 1673 2432 del.
1734 2406 1738 2407 ⁷

288 2451 443 2492 Lspsi'us:
469 2455 659 2491 exuperant
677 2449 733 2480 M¹
865 2458 887 2488 9
910 2448 1032 2479 humor
1048 2447 1090 2478 M
