1748 2826
481 151 890 208 HISTORIARVM
925 150 1096 190 LIBER
1127 151 1170 189 II
1483 150 1525 187 II
1546 149 1597 196 87

117 265 218 306 urbe
246 272 447 306 senatores
471 264 718 317 equitesque,
746 265 909 315 quidam
940 271 1061 312 metu,
1091 261 1207 303 multi
1236 276 1307 315 per
1336 261 1529 301 adulatio-

118 341 224 380 nem,
256 330 377 372 ceteri
405 344 455 371 ac
483 330 676 383 paulatim
708 343 850 370 omnes
881 343 933 370 ne
964 329 1050 370 aliis
1081 326 1426 381 proficiscentibus
1453 326 1529 379 ipsi
1553 343 1592 365 10

117 404 380 440 remanerent.
436 396 756 448 adgregabantur
789 409 812 436 e
845 395 966 448 plebe
999 394 1194 446 flagitiosa
1232 407 1303 445 per
1335 392 1530 444 obsequia

117 461 281 503 Vitellio
307 460 470 514 cogniti,
501 475 669 511 scurrae,
701 460 927 510 histriones,
957 460 1128 512 aurigae,
1159 459 1308 511 quibus
1342 458 1408 499 ille
1435 457 1530 498 ami-

115 526 298 568 citiarum
317 527 688 568 dehonestamentis
712 527 810 567 mire
835 526 1048 578 gaudebat.
1106 539 1182 566 nec
1202 524 1385 565 coloniae
1406 526 1530 565 modo

114 593 185 633 a'ut
218 592 436 645 municipia
463 600 656 644 congestu
691 592 908 644 copiarum,
938 593 1010 632 sed
1043 589 1120 643 ipsi
1153 593 1324 632 cultores
1358 603 1530 642 arvaque

116 658 281 698 maturis
299 657 379 698 iam
399 658 576 711 frugibus
597 666 642 698 ut
661 657 806 698 hostile
825 660 956 698 solum
977 657 1246 697 vastabantur.
1551 667 1592 701 15

281 724 436 764 Multae
466 731 507 764 et
536 731 691 764 atroces
721 723 824 763 inter
851 737 893 764 se
923 722 1095 763 militum
1124 723 1280 771 caedes,
1309 730 1409 776 post.
1429 722 1530 763 sedi·
1549 722 1602 763 88

114 787 268 829 tionem
285 789 428 838 ‚Ticini
453 797 639 842 coeptam
663 797 852 830 manente
879 789 1083 840 legionum
1109 787 1427 840 auxiliorumque
1453 788 1531 828 dis-

77 854 82 858 *
115 853 252 895 cordia
265 869 277 904 3
323 856 394 896 ubi
436 856 626 896 adversus
666 869 844 908 paganos
886 856 1122 895 certandum
1161 855 1278 904 foret,
1314 867 1527 895 consensu.

115 921 190 960 sed
216 922 387 973 plurima
414 930 563 973 strages
591 923 644 962 ad
670 921 887 973 septimum
911 922 964 962 ab
992 920 1306 979 urbe⁴lapidem.
1364 919 1530 972 singulis

115 985 174 1026 ibi
205 986 400 1028 militibus
427 987 613 1027 Vitellius
645 995 804 1039 paratos
835 987 948 1027 cibos
975 996 1019 1027 ut
1045 986 1323 1039 gladiatoriam
1349 986 1530 1039 saginam
1550 1003 1569 1039 5

114 1051 346 1103 dividebat3
386 1061 425 1094 et
458 1055 584 1094 effusa
611 1054 749 1105 plebes
779 1053 873 1093 totis
899 1066 942 1093 se
971 1052 1109 1093 castris
1139 1052 1364 1093 miscuerat.
1423 1051 1531 1092 incu-

115 1117 242 1159 riosos
308 1119 723 1160 milites—vernacula
792 1119 1008 1159 utebantur
1079 1118 1530 1172 urbanitate—quidam

115 1183 346 1236 spoliavere,
382 1185 548 1226 abscisis
576 1185 711 1226 furtim
742 1186 883 1226 balteis
917 1199 970 1225 an
999 1184 1170 1225 accincti
1203 1187 1335 1226 forent
1360 1185 1532 1238 rogitan-

116 1255 187 1290 tes.
234 1263 319 1291 non
334 1251 424 1291 tulit
443 1251 662 1292 ludibrium
677 1251 855 1292 insolens
869 1251 1205 1292 contumeliarum
1221 1251 1404 1292 animus:
1432 1251 1531 1292 iner—

114 1327 223 1356 mem
245 1318 440 1370 populum
464 1317 606 1369 gladiis
631 1317 820 1357 invasere.
871 1330 1012 1357 caesus
1040 1316 1142 1357 inter
1164 1317 1264 1357 alios
1293 1324 1404 1369 pater
1433 1317 1532 1357 mili·
1555 1333 1594 1358 10

115 1381 176 1431 tis,
204 1395 298 1423 curn
326 1382 454 1423 filium
484 1382 741 1436 comitaretur
755 1398 766 1432 ;
803 1382 952 1423 deinde
979 1382 1136 1434 agnitus
1164 1389 1203 1422 et
1227 1384 1387 1434 vulgata
1406 1384 1531 1424 caede

114 1453 379 1501 temperatum
406 1449 459 1489 ab
483 1448 667 1488 innoxiis.
726 1448 768 1488 in
796 1449 895 1489 urbe
921 1456 1058 1488 tamen
1084 1447 1325 1500 trepidatum
1352 1462 1532 1501 praecur-

113 1513 294 1554 rentibus
320 1514 469 1566 passim
497 1514 691 1554 militibus
706 1529 717 1563 3
751 1516 881 1554 forum
911 1514 1083 1554 maxime
1108 1514 1312 1566 petebant,
1340 1515 1531 1567 cupidine

115 1577 271 1620 visendi
303 1581 438 1620 locum
472 1579 514 1620 in
546 1593 628 1632 quo
662 1580 793 1620 Galba
830 1578 1027 1620 iacuisset.
1086 1594 1162 1620 nec
1200 1580 1333 1620 minus
1367 1594 1531 1621 saevum

114 1647 387 1696 spectaculum
414 1652 526 1686 erant
550 1645 636 1697 ipsi,
664 1645 782 1697 tergis
807 1646 978 1685 ferarum
1004 1653 1043 1685 et
1066 1645 1296 1697 ingentibus
1325 1646 1414 1686 telis
1444 1647 1531 1686 hor-
1555 1662 1594 1696 15

114 1717 259 1760 rentes,
286 1725 378 1752 cum
406 1712 564 1752 turbam
591 1711 731 1763 populi
760 1725 830 1763 per
862 1711 1059 1751 inscitiam
1087 1725 1227 1763 parum
1254 1711 1433 1761 vitarent,
1461 1720 1531 1753 aut

114 1775 186 1816 ubi
210 1776 366 1817 lubrico
383 1777 472 1818 viae
495 1778 558 1817 vel
585 1790 753 1817 occursu
777 1777 945 1817 alicuius
969 1777 1245 1829 procidissent,
1267 1779 1326 1822 adv
1346 1778 1528 1829 iurgium,

114 1855 209 1883 mox
227 1844 280 1884 ad
300 1857 442 1884 manus
462 1851 501 1884 et
521 1845 666 1890 ferrum
688 1843 911 1883 transirent.
972 1843 1070 1894 quin
1090 1850 1130 1883 et
1150 1843 1299 1883 tribuni
1326 1843 1529 1895 praefecti-

112 1921 194 1961 que
212 1921 305 1950 cum
325 1915 472 1950 terrore
491 1915 532 1949 et
550 1916 794 1948 armatorum
817 1908 984 1948 catervis
1005 1907 1237 1948 volitabant.

279 1976 373 2027 Ipse
406 1973 590 2015 Vitellius
623 1988 648 2014 a
677 1981 800 2026 ponte
841 1973 998 2014 Mulvio
1036 1973 1182 2025 insigni
1216 1988 1331 2025 equo,
1366 1976 1528 2027 paluda-
1548 1976 1604 2026 89

115 2047 179 2080 tus
215 2039 513 2092 accinctusque,
545 2047 730 2081 senatum
764 2047 804 2079 et
843 2040 1038 2091 populum
1075 2046 1170 2079 ante
1203 2052 1246 2079 se
1278 2053 1410 2091 agens,
1445 2054 1528 2092 quo

114 2105 248 2146 minus
276 2114 320 2146 ut
349 2114 507 2158 captam
537 2107 678 2146 urbem
708 2105 989 2157 ingrederetur,
1016 2104 1237 2146 amicorum
1267 2105 1436 2146 consilio
1462 2108 1528 2147 de-

115 2171 283 2220 territus,
329 2179 488 2224 sumpta
537 2178 740 2225 praetexta
785 2178 824 2211 et
871 2170 1098 2222 composito
1145 2170 1306 2223 agmine
1353 2171 1524 2213 incessit.

117 2286 156 2318 13
181 2276 287 2309 mirae
303 2275 347 2307 Μ

159 2319 220 2354 88.
244 2331 266 2362 3
292 2321 492 2353 certandum
508 2318 567 2352 M1
584 2332 592 2352 :
617 2320 780 2352 certando
796 2319 836 2351 M
948 2319 1020 2351 sore
1038 2319 1080 2350 M
1191 2330 1384 2353 consensus
1405 2320 1533 2353 Walter

115 2373 135 2405 7
158 2369 196 2397 ut
212 2365 375 2397 rebantur
388 2363 537 2406 Lipsius,
555 2364 594 2405 cf.
614 2363 763 2405 Madvig.
783 2362 924 2395 Advers.
950 2363 994 2396 iii.
1013 2373 1079 2403 224
1197 2374 1220 2404 9
1244 2364 1527 2397 contumeliarum

115 2408 234 2440 incerto
249 2408 437 2450 compendio
453 2407 496 2439 M
507 2419 515 2440 ε
539 2407 762 2441 contumeliae
780 2406 819 2438 M
825 2406 838 2427 ²
975 2417 1013 2446 14
1037 2416 1196 2439 scaevum
1214 2407 1256 2439 M

159 2451 223 2494 89.
251 2460 266 2484 1
294 2452 406 2495 mulvil
424 2451 490 2484 M·
