1748 2826
462 150 870 191 HISTORIARVM
901 148 1073 188 LIBER
1104 148 1170 186 III
1454 147 1587 194 11141

115 264 339 317 voluptates
367 260 651 319 adulteriisque
683 273 731 300 ac
762 260 906 312 stupris
937 261 1115 311 polluere
1147 258 1351 310 hospitum
1379 259 1525 298 domus
1544 269 1562 301 5

114 330 362 371 crederetur:
403 328 569 369 aderant
597 325 656 366 vis
685 333 724 366 et
752 325 922 378 pecunia
951 332 991 365 et
1014 324 1163 364 ruentis
1189 325 1372 364 fortunae
1399 323 1528 362 novis-

115 394 219 436 sima
243 393 382 435 libido.
439 394 615 434 adventu
649 393 813 433 demum
848 390 1029 443 peditum
1063 390 1325 442 equitumque
1355 387 1526 440 pravitas

115 459 270 502 consilii
300 459 439 513 patuit,
472 459 566 512 quia
596 472 671 499 nec
702 458 847 498 vadere
877 470 948 508 per
979 457 1105 497 hostis
1136 463 1218 495 tarn
1250 468 1371 507 parva
1403 466 1527 494 manu

114 533 283 579 poterat,
316 525 438 566 etiam
474 524 507 565 si
545 523 738 565 fidissima
775 524 887 571 foret,
923 536 998 563 nec
1036 521 1228 573 integram
1267 521 1389 561 fidem
1427 527 1528 560 attu-

115 590 242 632 lerant
255 603 268 641 ;
309 592 441 643 pudor
469 597 604 630 tamen
639 596 680 629 et
711 588 928 642 praesentis
957 587 1071 629 ducis
1099 586 1318 628 reverentia
1348 586 1529 626 moraba·
1548 596 1587 620 10

113 660 188 704 tur,
223 656 333 696 haud
362 655 550 696 diuturna
582 655 713 695 vincla
740 655 851 707 apud
882 653 1048 706 pavidos
1085 652 1350 705 periculorum
1384 658 1424 691 et
1459 651 1528 691 de-

114 719 272 762 decoris
317 734 489 762 securos.
548 735 598 761 eo
644 727 755 761 metu
801 719 976 760 cohortis
1022 718 1250 758 Ariminum
1297 716 1524 769 praemittit,

113 787 218 828 alain
249 785 350 827 tueri
384 793 494 838 terga
526 785 664 826 iubet:
704 784 790 837 ipse
822 784 975 837 paucis,
1002 797 1105 836 quos
1136 785 1303 824 adversa
1331 796 1415 822 non
1444 796 1527 822 mu-

113 858 302 901 taverant,
335 851 620 892 comitantibus
658 851 766 891 flexit
804 850 844 890 in
882 849 1091 890 Vmbriam
1128 856 1250 901 atque
1280 850 1375 889 inde
1414 850 1527 888 Etru-

113 917 223 967 riam,
255 916 327 958 ubi
357 917 519 970 cognito
549 930 706 969 pugnae
737 915 1022 958 Cremonensis
1054 921 1200 956 eventu
1227 929 1310 955 non
1339 914 1525 967 ignavum
1546 926 1584 961 15

112 991 164 1032 et,
205 983 238 1024 si
284 983 543 1035 provenisset,
581 990 694 1022 atrox
731 981 943 1023 consilium
987 981 1085 1030 iniit,
1125 988 1170 1021 ut
1213 980 1377 1032 arreptis
1421 979 1527 1020 navi-

114 1049 190 1088 bus
218 1048 261 1088 in
289 1061 587 1100 quamcumque
612 1055 766 1100 partem
793 1048 1068 1088 Narbonensis
1091 1047 1319 1100 provinciae
1348 1059 1526 1098 egressus

114 1113 266 1155 Gallias
299 1121 339 1155 et
369 1114 564 1155 exercitus
595 1121 638 1155 et
658 1113 910 1155 'Germaniae
947 1113 1076 1166 gentis
1114 1126 1345 1165 novumque
1375 1113 1526 1153 bellum

113 1179 246 1221 cieret.

277 1245 468 1298 Digresso
504 1246 677 1286 Valente
714 1245 902 1298 trepidos,
943 1245 1012 1297 qui
1055 1244 1283 1285 Ariminum
1321 1243 1523 1292 tenebant,
1544 1249 1598 1289 42
1652 1235 1655 1238 ¹

113 1310 326 1352 Cornelius
346 1313 510 1360 Fuscus,
531 1312 698 1352 admoto
722 1311 896 1352 exercitu
923 1318 963 1352 et
987 1310 1117 1351 missis
1141 1324 1212 1363 per
1237 1310 1416 1363 proxima
1442 1309 1528 1350 lito-

112 1386 202 1416 rum
228 1375 466 1426 Liburnicis,
489 1383 592 1417 terra
619 1376 799 1429 marique
826 1376 1115 1417 circumvenit:
1143 1383 1390 1428 occupantur
1409 1377 1528 1427 plana

113 1440 306 1482 Vmbriae
325 1449 365 1482 et
385 1455 465 1494 qua
485 1441 656 1482 Picenus
681 1456 774 1495 ager
795 1441 951 1483 Hadria
972 1441 1157 1490 adluitur,
1178 1441 1390 1494 omnisque
1412 1440 1528 1481 Italia

112 1503 216 1548 inter
242 1506 536 1559 Vespasianum
562 1521 610 1548 ac
635 1507 843 1548 Vitellium
872 1507 1104 1559 Appennini
1133 1507 1233 1558 iugis
1262 1506 1525 1547 dividebatur.
1547 1518 1566 1551 5

114 1573 263 1613 Fabius
291 1573 443 1613 Valens
473 1586 497 1614 e
530 1572 619 1613 sinu
654 1573 801 1613 Pisano
831 1573 998 1624 segnitia
1036 1572 1154 1613 maris
1186 1580 1255 1612 aut
1292 1573 1528 1613 adversante

112 1645 234 1678 vento
253 1644 413 1690 portum
433 1637 622 1678 Herculis
642 1638 835 1679 Monoeci
861 1638 1082 1690 depellitur.
1142 1639 1250 1678 haud
1270 1640 1409 1690 procul
1432 1637 1527 1678 inde

112 1703 256 1756 agebat
275 1703 429 1743 Marius
449 1703 634 1743 Maturus
660 1703 824 1755 Alpium
852 1703 1139 1743 maritimarum
1159 1711 1400 1755 procurator,
1422 1704 1526 1743 fidus

113 1768 289 1818 Vitellio,
316 1767 430 1809 cuius
463 1775 756 1809 sacramentum
785 1768 940 1809 cunctis
970 1767 1074 1809 circa
1103 1768 1315 1808 hostilibus
1343 1769 1526 1808 nondum

112 1841 284 1874 exuerat.
345 1833 379 1874 is
397 1835 611 1875 Valentem
639 1833 806 1875 comiter
834 1842 1061 1886 exceptum,
1089 1847 1141 1874 ne
1174 1834 1346 1875 Galliam
1375 1834 1528 1874 Narbo-
1549 1848 1590 1872 10

113 1911 280 1941 nensem
309 1906 458 1941 temere
486 1900 1005 1953 ingrederetur,'monendo
1034 1900 1198 1950 terruit3
1236 1900 1353 1940 simul
1381 1906 1528 1940 cetero-

113 1979 201 2006 rum
221 1966 322 2007 fides
342 1973 452 2006 metu
472 1966 650 2007 infracta.

279 2033 467 2083 Namque
514 2031 788 2072 circumiectas
842 2031 1021 2072 civitates
1068 2039 1299 2084 procurator
1345 2031 1528 2072 Valerius
1546 2041 1601 2080 43

114 2095 316 2145 Paulinus,
345 2104 530 2137 strenuus
554 2097 717 2138 militiae
746 2105 786 2138 et
809 2098 1059 2150 Vespasiano
1086 2106 1179 2139 ante
1206 2100 1405 2139 fortunam
1434 2098 1529 2138 ami-

159 2208 214 2244 41.
239 2211 260 2242 5
283 2201 405 2234 domos
418 2201 536 2234 Sirker
660 2212 700 2235 10
725 2203 954 2236 reverentiam
971 2204 1019 2243 M,
1040 2215 1120 2237 corr.
1136 2204 1178 2236 M
1182 2203 1192 2226 ¹
1321 2213 1358 2236 11
1384 2203 1528 2244 pavidos

114 2245 268 2278 Faernus
284 2256 292 2277 :
316 2245 437 2278 avidos
452 2245 513 2277 M:
544 2247 663 2279 avidos
688 2248 917 2288 praemiorum
939 2247 1062 2280 Meis-er
1204 2258 1242 2279 12
1266 2248 1302 2279 in
1322 2247 1464 2279 Mediceo
1478 2247 1531 2278 hic

114 2289 290 2322 verborum
312 2289 393 2321 ordo
412 2293 458 2322 est
478 2299 520 2321 eo
537 2295 629 2322 metu
649 2295 684 2322 et
704 2291 824 2331 paucis
849 2315 856 2323 .
884 2315 892 2324 .
917 2315 925 2324 .
954 2291 1193 2324 comitantibus
1217 2315 1226 2325 .
1249 2315 1258 2324 .
1287 2315 1295 2323 .
1324 2292 1398 2332 ipse
1421 2291 1528 2323 flexit.

114 2343 232 2366 verum
247 2333 398 2365 ordinem
416 2333 558 2366 restituit
578 2334 754 2367 Acidalius
777 2335 877 2368 deleto
893 2340 927 2367 et
954 2339 1031 2368 ante
1046 2336 1165 2377 paucis
1302 2345 1340 2376 15
1365 2340 1527 2367 eventum

115 2377 168 2419 M,
178 2388 256 2410 corr.
271 2377 315 2409 M
317 2377 329 2398 ¹
442 2387 480 2419 17
498 2378 738 2420 nerbolnensis
749 2378 792 2410 M
881 2380 921 2411 18
937 2384 972 2411 et
983 2381 1154 2412 exercitus
1168 2389 1234 2412 om.
1251 2378 1325 2420 det„
1339 2378 1528 2410 Rhenanus

160 2428 220 2464 42.
248 2431 270 2453 2
293 2422 467 2463 proximas
482 2421 532 2463 M,
551 2433 631 2454 corr.
654 2423 712 2455 M1
858 2433 879 2464 3
904 2429 1090 2464 occupatur
1104 2423 1148 2456 M
1292 2431 1313 2463 5
1337 2423 1526 2464 appennini

114 2465 345 2498 Puteolanus:
367 2466 576 2508 appenninis
592 2467 636 2499 M
768 2477 808 2501 12
831 2467 962 2501 ini-acta
978 2467 1021 2500 M

159 2517 223 2554 43.
251 2521 265 2543 1
292 2510 437 2544 valerios
454 2510 497 2544 M
