1748 2826
476 138 885 180 HISTORIARVM
918 138 1090 177 LIBER
1122 138 1181 177 IV
1471 136 1530 174 IV
1549 143 1598 185 27

83 286 85 289 Α
123 252 297 295 invidia:
331 253 443 294 illum
471 260 675 293 auctorem
708 251 877 301 sceleris,
900 252 1008 290 hunc
1038 250 1262 290 ministrum
1283 255 1440 296 vocant,
1462 250 1530 288 do·
1554 264 1591 287 ιο

124 331 200 360 nec
225 317 387 360 exitium
415 317 692 358 minitantibus
718 316 924 357 exterritus
953 316 1223 368 proditionem
1252 322 1292 355 et
1320 314 1405 365 ipse
1427 315 1531 352 Hor-

123 383 272 426 deonio
302 383 480 433 obiecit;
520 382 758 434 vinctusque
785 383 962 422 adventu
992 382 1156 421 demum
1178 381 1359 419 Voculae
1388 377 1531 418 exolvi-

121 457 196 490 tur.
253 449 286 489 is
314 455 473 502 postera
505 448 571 489 die
602 454 784 488 auctores
816 446 1023 487 seditionis
1055 452 1182 485 morte
1208 443 1382 484 adfecit:
1422 450 1531 482 tanta

122 514 178 555 illi
210 514 398 556 exercitui
437 513 642 554 diversitas
676 513 802 552 inerat
838 512 1023 552 licentiae
1055 509 1362 562 patientiaeque.
1422 509 1530 548 haud

121 580 246 621 dubie
273 581 472 632 gregarius
498 579 613 620 miles
642 578 804 619 Vitellio
834 578 949 625 fidus,
981 575 1327 629 splendidissimus
1361 574 1530 625 quisque
1553 585 1592 618 15

121 644 162 685 in
182 647 476 698 Vespasianum
506 644 645 697 proni:
686 644 781 684 inde
815 644 1007 683 scelerum
1034 655 1081 682 ac
1109 640 1395 695 suppliciorum
1424 639 1529 679 vices

121 719 162 753 et
192 711 337 757 mixtus
371 711 567 764 obsequio
601 712 718 759 furor,
754 717 798 751 ut
829 709 1023 750 contineri
1057 721 1139 747 non
1171 714 1334 760 possent
1365 705 1434 758 qui
1462 718 1531 757 pu-

121 777 196 818 niri
223 785 419 831 poterant.

285 845 340 884 At
362 842 533 884 Civilem
562 842 767 883 immensis
795 841 979 881 auctibus
1012 840 1195 880 universa
1224 838 1438 879 Germania
1470 851 1532 877 ex·
1548 839 1600 879 28

121 909 298 957 tollebat,
327 909 516 950 societate
546 908 805 949 nobilissimis
834 907 1022 947 obsidum
1057 907 1221 945 firmata.
1260 897 1357 953 ”ἰ11ε,
1380 911 1423 943 ut
1452 903 1532 943 cui-

121 987 202 1027 que
231 973 467 1027 proximum,
503 974 646 1014 vastari
675 974 804 1014 Vbios
835 972 1112 1022 Trevirosque,
1144 978 1183 1010 et
1217 970 1334 1010 aliam
1366 982 1530 1008 manum

123 1042 285 1082 Mosam
305 1053 467 1081 amnem
486 1040 652 1080 transire
671 1039 794 1088 iubet,
816 1046 860 1078 ut
888 1037 1102 1089 Menapios
1129 1043 1168 1076 et
1195 1035 1377 1075 Morinos
1404 1042 1444 1074 et
1470 1048 1532 1074 ex-

122 1114 250 1147 trema
268 1106 488 1147 Galliarum
515 1113 706 1158 quateret.
766 1112 878 1145 actae
905 1103 1118 1154 utrobique
1145 1102 1328 1153 praedae,
1351 1099 1530 1140 infestius
1553 1115 1570 1147 5

122 1172 164 1212 in
186 1171 313 1222 Vbiis,
340 1173 451 1224 quod
483 1186 581 1224 gens
614 1170 878 1212 Germanicae
906 1169 1067 1221 originis
1097 1167 1246 1208 eiurata
1275 1167 1400 1219 patria
1435 1164 1532 1220 [Ro-

122 1250 333 1278 manorum
366 1236 534 1292 nomen]
568 1236 879 1289 Agrippinenses
917 1241 1163 1275 vocarentur.
1222 1245 1361 1272 caesae
1395 1233 1532 1271 cohor-

121 1310 182 1343 tes
201 1315 340 1343 eorum
367 1303 407 1343 in
427 1302 517 1343 vico
544 1303 788 1343 Marcoduro
815 1300 1051 1341 incuriosius
1074 1305 1248 1351 agentes,
1272 1298 1366 1349 quia
1394 1298 1532 1350 procul

122 1371 207 1422 ripa
236 1369 411 1410 aberant.
471 1381 546 1409 nec
579 1368 766 1420 quievere
796 1366 891 1406 Vbii
922 1379 1003 1418 quo
1033 1365 1164 1411 minus
1194 1365 1360 1416 praedas
1390 1378 1411 1404 e
1440 1364 1533 1403 Ger-

123 1434 257 1476 mania
294 1442 486 1487 peterent,
521 1434 652 1487 primo
690 1433 866 1485 impune,
896 1432 991 1473 dein
1025 1430 1285 1471 circumventi
1324 1437 1427 1477 sunt,
1464 1442 1534 1480 per
1557 1446 1595 1470 10

123 1509 253 1541 omne*
264 1496 306 1541 id
326 1500 476 1540 bellum
498 1499 662 1540 meliore
677 1500 739 1539 usi
760 1499 840 1538 fide
860 1511 980 1549 quam
1002 1498 1170 1536 fortuna.
1219 1495 1398 1536 contusis
1418 1494 1534 1534 Vbiis

123 1565 276 1618 gravior
299 1573 339 1606 et
365 1579 552 1606 successu
579 1579 710 1605 rerum
737 1564 905 1604 ferocior
932 1562 1069 1604 Civilis
1098 1561 1301 1602 obsidium
1331 1560 1533 1612 legionum

123 1631 300 1684 urgebat,
336 1631 498 1672 intentis
533 1630 724 1671 custodiis
758 1643 810 1670 ne
844 1629 932 1680 quis
964 1630 1144 1668 occultus
1175 1627 1339 1666 nuntius
1370 1625 1532 1665 venien-

124 1697 174 1737 tis
207 1696 339 1737 auxilii
373 1704 606 1749 penetraret.
666 1695 871 1736 machinas
905 1695 1135 1745 molemque
1173 1705 1339 1744 operum
1374 1691 1535 1731 Batavis

65 1756 71 1762 ⁸
124 1763 308 1814 delegat:
351 1764 682 1803 Transrhenanos
716 1761 911 1813 proelium
947 1758 1149 1811 poscentis
1180 1759 1232 1798 acl
1266 1756 1532 1797 scindendum
1558 1772 1594 1805 15

124 1829 271 1868 vallum
311 1828 368 1869 ire
405 1830 669 1880 detrusosque
709 1827 975 1878 redintegrare
1018 1831 1221 1865 certamen
1259 1822 1380 1870 iubet,
1423 1834 1535 1872 supe-

125 1901 238 1935 rante
265 1894 522 1934 multitudine
551 1902 590 1934 et
620 1893 723 1933 facili
745 1895 907 1933 damno.

289 1961 378 2000 Nec
403 1961 525 2000 finem
556 1959 682 2000 labori
711 1973 791 1999 nox
819 1958 977 1998 attulit:
1012 1957 1210 2007 congestis
1239 1955 1389 1995 circum
1418 1953 1534 2005 lignis
1556 1965 1611 2003 29

125 2025 397 2078 accensisque,
426 2025 544 2066 simul
579 2026 797 2076 epulantes,
830 2031 873 2063 ut
902 2023 1072 2075 quisque
1101 2021 1195 2061 vino
1224 2021 1452 2067 incaluerat,
1483 2020 1535 2059 ad

126 2104 301 2143 pugnam
322 2091 543 2132 temeritate
563 2090 671 2130 inani
692 2090 931 2130 ferebantur.
990 2088 1140 2140 quippe
1160 2086 1336 2139 ipsorum
1364 2086 1441 2125 tela
1467 2098 1537 2136 per

126 2158 311 2198 tenebras
335 2170 461 2198 vana:
500 2156 673 2196 Romani
703 2155 962 2207 conspicuam
987 2154 1246 2194 barbarorum
1273 2152 1413 2200 aciem,
1436 2158 1475 2190 et
1506 2150 1538 2189 si

131 2273 170 2294 12
192 2267 302 2296 victus
316 2261 366 2301 M,
383 2272 466 2294 corr.
484 2260 541 2292 M¹
679 2269 718 2300 15
742 2258 1006 2301 splendissimus
1022 2257 1065 2289 M

172 2305 231 2341 28.
258 2316 280 2346 3
302 2305 403 2338 aliam
434 2315 570 2337 manum
600 2303 827 2336 Fremsheim:
865 2302 930 2335 alia
965 2312 1066 2334 manu
1098 2301 1140 2332 M
1270 2311 1291 2341 4
1329 2299 1474 2332 transire
1506 2299 1540 2330 in

128 2350 264 2383 transiri
284 2360 395 2382 manu
404 2349 522 2391 prima
544 2353 723 2380 correctum
739 2348 816 2380 dicit
829 2346 954 2384 Meiser,
977 2349 1077 2388 negat
1096 2344 1281 2384 Andresen,
1302 2344 1414 2376 studia
1432 2343 1542 2374 cn'tica

129 2395 162 2427 ii.
179 2406 202 2437 9
332 2395 355 2426 6
378 2393 614 2426 Romanorum
639 2403 763 2424 nomen
787 2391 857 2424 secl.
887 2391 1025 2423 Gruter:
1059 2389 1219 2421 Romano
1243 2389 1380 2420 nomine
1404 2386 1542 2429 Lxfisius

127 2440 150 2471 8
173 2440 269 2471 vicos
284 2438 334 2479 M,
352 2448 432 2470 corr.
451 2437 507 2469 M¹
646 2447 686 2477 14
710 2441 932 2478 penetrarent
948 2434 998 2474 M,
1014 2445 1094 2466 corr.
1112 2433 1154 2464 M
1157 2433 1168 2453 ¹

173 2489 236 2525 29.
267 2492 282 2514 1
308 2482 480 2515 concestis
494 2481 538 2514 M
667 2492 687 2520 4
712 2480 927 2523 perspicuam
945 2478 996 2517 M,
1014 2489 1093 2511 corr.
1112 2477 1152 2508 M
1158 2477 1169 2497 ¹
