1748 2826
481 151 888 192 HISTORIARVM
919 152 1092 191 LIBER
1123 153 1183 191 IV
1473 153 1531 191 IV
1550 153 1606 192 68

123 271 246 318 atque
272 277 384 304 arma
412 264 631 305 retinebat:
669 277 762 304 eum
798 265 1013 304 Mucianus
1045 265 1204 316 pulsum
1234 266 1336 313 loco,
1368 277 1419 303 ne
1447 263 1533 304 sine

125 329 275 371 solacio
300 337 445 382 ageret,
475 342 660 370 annonae
688 329 887 381 praefecit.
946 337 1071 381 utque
1102 329 1325 370 Domitiani
1354 330 1533 369 animum

124 396 234 436 Varo
261 395 371 436 haud
397 394 573 435 alienum
602 395 805 443 deleniret,
830 394 1066 435 Arrecinum
1096 396 1362 444 Clementem,
1393 395 1533 435 domui

123 461 360 512 Vespasiani
395 473 466 512 per
497 459 747 500 adfinitatem
781 461 971 500 innexum
1011 468 1050 500 et
1087 460 1355 512 gratissimum
1396 461 1533 501 Domi-
1556 474 1595 496 10

123 526 246 575 tiano,
278 525 537 579 praetorianis
571 525 810 578 praeposuit,
844 533 997 577 patrem
1037 525 1123 566 eius
1163 526 1238 566 sub
1278 526 1324 568 C.
1362 526 1534 567 Caesare

123 588 278 641 egregie
320 590 500 630 sunctum
540 602 588 629 ea
625 602 720 628 cura
766 588 965 638 dictitans,
1006 590 1155 630 laetum
1195 589 1386 628 militibus
1426 590 1533 629 idem

122 667 285 704 nomen,
317 663 439 707 atque
471 654 619 707 ipsum,
652 667 898 706 quamquam
933 654 1119 695 senatorii
1153 655 1318 704 ordinis,
1346 656 1399 695 ad
1433 663 1533 695 utra-

122 734 203 774 que
230 719 368 762 munia
386 722 580 762 sufficere.
626 722 893 761 adsumuntur
921 734 944 762 e
972 721 1131 761 civitate
1160 721 1400 761 clarissimus
1430 721 1534 772 quis-

121 800 202 840 que
224 794 265 828 et
291 787 358 828 alii
386 800 457 840 per
484 787 758 828 ambitionem.
817 787 935 827 simul
957 788 1214 827 Domitianus
1236 786 1533 838 Mucianusque
1555 800 1594 835 15

121 852 444 906 accingebantur,
480 852 628 904 dispari
666 852 814 901 animo,
846 853 912 892 ille
951 866 1022 904 spe
1055 865 1103 892 ac
1134 851 1295 892 iuventa
1327 865 1530 904 properus,

121 919 188 960 hic
235 931 367 960 moras
413 925 579 960 nectens
627 918 716 970 quis
764 920 996 971 flagrantem
1045 919 1242 966 retineret,
1285 931 1337 958 ne
1385 919 1534 959 ferocia

120 983 262 1025 aetatis
294 991 335 1024 et
372 985 502 1036 pravis
537 983 831 1036 impulsoribus,
866 983 898 1023 si
938 983 1154 1024 exercitum
1190 983 1408 1033 invasisset,
1444 984 1534 1036 paci

120 1048 310 1102 belloque
324 1051 429 1090 male
443 1050 684 1091 consuleret.
732 1049 910 1101 legiones
926 1049 1118 1098 victrices,
1137 1056 1288 1097 octava,
1303 1049 1530 1098 undecima,

121 1115 280 1156 decima
294 1115 410 1156 tertia
421 1115 726 1156 Vitellianarum
744 1114 1093 1163 unaetvicensima,
1110 1128 1132 1155 e
1146 1128 1284 1154 recens
1297 1114 1533 1167 conscriptis
1555 1132 1597 1156 20

121 1183 299 1224 secunda
319 1181 509 1223 Poeninis
531 1174 808 1233 Cottianisque
826 1181 1010 1234 Alpibus,
1033 1194 1122 1233 pars
1149 1188 1287 1221 monte
1311 1180 1434 1221 Graio
1460 1188 1533 1221 tra-

120 1250 323 1290 ducuntur
335 1263 347 1299 3
375 1255 516 1300 quarta
541 1247 699 1289 decima
725 1248 829 1300 legio
853 1261 876 1288 e
901 1246 1118 1296 Britannia,
1141 1254 1251 1288 sexta
1270 1259 1317 1286 ac
1338 1247 1465 1299 prima
1485 1260 1534 1287 ex

121 1315 321 1367 Hispania
339 1315 503 1355 accitae.

176 1380 303 1434 Igitur
331 1379 528 1421 venientis
562 1380 756 1421 exercitus
792 1381 897 1420 fama
931 1386 970 1420 et
1004 1386 1146 1432 suopte
1180 1378 1342 1431 ingenio
1372 1380 1425 1420 ad
1462 1379 1534 1419 mi-

120 1437 221 1488 tiora
261 1446 499 1488 inclinantes
538 1448 757 1487 Galliarum
800 1446 979 1486 civitates
1018 1446 1059 1486 in
1101 1448 1253 1486 Remos
1293 1459 1528 1486 convenere.
1553 1462 1594 1496 25

120 1509 374 1550 Trevirorum
417 1509 563 1562 legatio
606 1509 686 1550 illic
727 1509 1018 1562 opperiebatur,
1063 1510 1258 1549 acerrimo
1298 1508 1532 1549 instinctore

121 1574 215 1615 belli
236 1575 341 1615 Iulio
360 1575 588 1616 Valentino.
647 1575 681 1615 is
708 1575 900 1616 meditata
919 1575 1098 1616 oratione
1118 1581 1263 1614 cuncta
1289 1575 1443 1627 magnis
1465 1574 1534 1614 im-

121 1639 240 1693 periis
259 1640 451 1682 obiectari
477 1641 594 1682 solita
625 1642 970 1692 contumeliasque
989 1648 1028 1681 et
1055 1640 1247 1680 invidiam
1275 1640 1315 1679 in
1337 1642 1532 1692 populum

121 1707 354 1747 Romanurn
386 1707 538 1756 effudit,
574 1706 757 1747 turbidus
787 1706 1003 1746 miscendis
1038 1705 1302 1746 seditionibus
1332 1713 1371 1745 et
1400 1705 1533 1757 pleris-

120 1785 200 1824 que
218 1779 351 1824 gratus
371 1772 556 1813 vaecordi
577 1772 775 1812 facundia.
1554 1792 1597 1825 30

282 1841 338 1879 At
376 1838 503 1879 Iulius
534 1841 698 1890 Auspex
736 1851 760 1878 e
792 1837 1033 1890 primoribus
1070 1839 1301 1885 Remorum,
1338 1836 1417 1877 vim
1454 1839 1534 1877 Ro-
1553 1847 1616 1898 69

119 1919 281 1946 manam
313 1904 505 1958 pacisque
539 1905 648 1945 bona
687 1905 901 1944 dissertans
934 1911 973 1944 et
1011 1903 1114 1943 sumi
1147 1904 1297 1944 bellum
1329 1903 1450 1943 etiam
1480 1904 1533 1943 ab

119 1971 282 2024 ignavis,
322 1970 582 2011 strenuissimi
621 1972 815 2022 cuiusque
861 1969 1038 2021 periculo
1077 1969 1169 2021 geri,
1211 1969 1372 2021 iamque
1415 1982 1534 2022 super

119 2044 239 2090 eaput
270 2037 458 2089 legiones,
492 2036 829 2089 sapientissimum
870 2049 1073 2087 quemque
1108 2036 1326 2076 reverentia
1359 2037 1530 2088 fideque,

118 2102 293 2143 iuniores
312 2101 490 2154 periculo
508 2115 556 2142 ac
576 2109 686 2142 metu
706 2101 903 2142 continuit
920 2117 927 2141 :
958 2108 998 2140 et
1017 2100 1221 2141 Valentini
1245 2102 1425 2142 animum
1452 2103 1532 2142 lau·
1551 2121 1571 2154 5

121 2168 284 2217 dabant,
325 2167 536 2209 consilium
575 2167 762 2220 Auspicis
798 2167 1078 2218 sequebantur.
1138 2175 1295 2207 constat
1330 2168 1532 2209 obstitisse

122 2284 162 2316 14
185 2274 386 2307 clarissimis
401 2274 442 2306 M
533 2284 572 2315 15
594 2274 799 2306 ambitiones
817 2274 872 2318 M—‚
875 2284 953 2306 corr.
972 2273 1013 2304 M
1017 2272 1030 2294 ¹
1125 2283 1165 2314 19
1187 2278 1318 2317 octava,
1337 2274 1530 2314 undecima,

119 2318 252 2350 decima
282 2318 384 2350 tertia
407 2318 624 2351 Mommsen:
650 2319 730 2350 uim.
755 2318 790 2359 xj
813 2319 872 2359 viij
890 2317 952 2349 M:
986 2317 1131 2358 septima
1155 2317 1311 2357 Claudia,
1338 2319 1530 2358 undecima,

120 2367 240 2395 octava
257 2362 411 2403 Pfitzner,
427 2362 607 2404 Ritterling
622 2374 630 2394 :
653 2367 785 2403 octava,
807 2362 987 2394 undecima
1002 2360 1194 2403 szperdey‚
1210 2361 1333 2401 Halm,
1351 2362 1425 2393 vide
1439 2372 1470 2394 v.
1491 2373 1530 2402 14

119 2416 162 2437 22
178 2406 305 2448 prima]
322 2406 456 2439 decima
475 2406 640 2448 Savzlius,
660 2404 772 2438 Halm
922 2416 964 2446 27
990 2405 1069 2437 iulio
1086 2405 1128 2440 b:
1152 2405 1236 2438 tulio
1253 2405 1302 2446 M,
1321 2405 1404 2446 conf.
1422 2406 1468 2438 iii.
1488 2416 1532 2447 79

120 2449 254 2492 imperii
270 2450 312 2482 M
