<?xml version="1.0" encoding="UTF-8"?>
<!DOCTYPE html PUBLIC "-//W3C//DTD XHTML 1.0 Transitional//EN"
    "http://www.w3.org/TR/xhtml1/DTD/xhtml1-transitional.dtd">
<html xmlns="http://www.w3.org/1999/xhtml" xml:lang="en" lang="en">
 <head>
  <title>
</title>
<meta http-equiv="Content-Type" content="text/html;charset=utf-8" />
  <meta name='ocr-system' content='tesseract 3.04.00' />
  <meta name='ocr-capabilities' content='ocr_page ocr_carea ocr_par ocr_line ocrx_word'/>
</head>
<body>
  <div class='ocr_page' id='page_1' title='image "./historiarumlibri00taciuoft_0248.png"; bbox 0 0 1748 2826; ppageno 0'>
   <div class='ocr_carea' id='block_1_1' title="bbox 217 148 1225 207">
    <p class='ocr_par' dir='ltr' id='par_1_1' title="bbox 217 148 1225 207">
     <span class='ocr_line' id='line_1_1' title="bbox 217 148 1225 207; baseline -0.011 -9"><span class='ocrx_word' id='word_1_1' title='bbox 217 148 253 186; x_wconf 86' lang='lat' dir='ltr'>V</span> <span class='ocrx_word' id='word_1_2' title='bbox 273 158 296 197; x_wconf 87' lang='lat'>⁷</span> <span class='ocrx_word' id='word_1_3' title='bbox 724 150 999 207; x_wconf 74' lang='lat' dir='ltr'><strong>CORNELII</strong></span> <span class='ocrx_word' id='word_1_4' title='bbox 1031 150 1225 189; x_wconf 87' lang='lat' dir='ltr'><strong>TACITI</strong></span> 
     </span>
    </p>
   </div>
   <div class='ocr_carea' id='block_1_2' title="bbox 213 260 1670 2002">
    <p class='ocr_par' dir='ltr' id='par_1_2' title="bbox 214 260 1668 442">
     <span class='ocr_line' id='line_1_2' title="bbox 214 260 1668 312; baseline -0.001 -12"><span class='ocrx_word' id='word_1_5' title='bbox 214 271 254 294; x_wconf 87' lang='lat'><strong>10</strong></span> <span class='ocrx_word' id='word_1_6' title='bbox 273 262 378 300; x_wconf 88' lang='lat' dir='ltr'><strong>iuxta</strong></span> <span class='ocrx_word' id='word_1_7' title='bbox 391 261 506 312; x_wconf 89' lang='lat' dir='ltr'><strong>gravi.</strong></span> <span class='ocrx_word' id='word_1_8' title='bbox 566 270 604 301; x_wconf 90' lang='lat' dir='ltr'><strong>et</strong></span> <span class='ocrx_word' id='word_1_9' title='bbox 631 263 762 301; x_wconf 91' lang='lat' dir='ltr'><strong>Belius</strong></span> <span class='ocrx_word' id='word_1_10' title='bbox 788 263 916 301; x_wconf 88' lang='lat' dir='ltr'><strong>amnis</strong></span> <span class='ocrx_word' id='word_1_11' title='bbox 943 261 1110 301; x_wconf 90' lang='lat' dir='ltr'><strong>Iudaico</strong></span> <span class='ocrx_word' id='word_1_12' title='bbox 1133 261 1231 302; x_wconf 87' lang='lat' dir='ltr'><strong>mari</strong></span> <span class='ocrx_word' id='word_1_13' title='bbox 1256 260 1451 308; x_wconf 85' lang='lat' dir='ltr'><strong>inlabitur,</strong></span> <span class='ocrx_word' id='word_1_14' title='bbox 1473 261 1576 300; x_wconf 88' lang='lat' dir='ltr'><strong>circa</strong></span> <span class='ocrx_word' id='word_1_15' title='bbox 1599 273 1668 300; x_wconf 78' lang='lat' dir='ltr'><strong>cu-</strong></span> 
     </span>
     <span class='ocr_line' id='line_1_3' title="bbox 273 324 1666 375; baseline 0 -11"><span class='ocrx_word' id='word_1_16' title='bbox 273 324 333 364; x_wconf 88' lang='lat' dir='ltr'><strong>ius</strong></span> <span class='ocrx_word' id='word_1_17' title='bbox 359 340 405 365; x_wconf 91' lang='lat' dir='ltr'><strong>os</strong></span> <span class='ocrx_word' id='word_1_18' title='bbox 431 327 557 366; x_wconf 90' lang='lat' dir='ltr'><strong>lectae</strong></span> <span class='ocrx_word' id='word_1_19' title='bbox 583 328 754 366; x_wconf 84' lang='lat' dir='ltr'>harenae</span> <span class='ocrx_word' id='word_1_20' title='bbox 787 326 964 366; x_wconf 86' lang='lat' dir='ltr'><strong>admixto</strong></span> <span class='ocrx_word' id='word_1_21' title='bbox 991 327 1094 365; x_wconf 89' lang='lat' dir='ltr'><strong>nitro</strong></span> <span class='ocrx_word' id='word_1_22' title='bbox 1127 325 1167 365; x_wconf 91' lang='lat' dir='ltr'><strong>in</strong></span> <span class='ocrx_word' id='word_1_23' title='bbox 1206 325 1346 365; x_wconf 89' lang='lat' dir='ltr'><strong>vitrum</strong></span> <span class='ocrx_word' id='word_1_24' title='bbox 1381 331 1666 375; x_wconf 77' lang='lat' dir='ltr'><strong>excoquuntur.</strong></span> 
     </span>
     <span class='ocr_line' id='line_1_4' title="bbox 274 390 1292 442; baseline 0 -13"><span class='ocrx_word' id='word_1_25' title='bbox 274 391 478 431; x_wconf 89' lang='lat' dir='ltr'><strong>modicum</strong></span> <span class='ocrx_word' id='word_1_26' title='bbox 500 392 540 431; x_wconf 92' lang='lat' dir='ltr'><strong>id</strong></span> <span class='ocrx_word' id='word_1_27' title='bbox 560 393 651 431; x_wconf 89' lang='lat' dir='ltr'><strong>litus</strong></span> <span class='ocrx_word' id='word_1_28' title='bbox 672 398 711 431; x_wconf 90' lang='lat' dir='ltr'><strong>et</strong></span> <span class='ocrx_word' id='word_1_29' title='bbox 732 390 982 442; x_wconf 85' lang='lat' dir='ltr'><strong>egerentibus</strong></span> <span class='ocrx_word' id='word_1_30' title='bbox 1003 390 1292 430; x_wconf 88' lang='lat' dir='ltr'><strong>inexhaustum.</strong></span> 
     </span>
    </p>

    <p class='ocr_par' dir='ltr' id='par_1_3' title="bbox 228 454 1669 699">
     <span class='ocr_line' id='line_1_5' title="bbox 228 454 1668 508; baseline -0.002 -12"><span class='ocrx_word' id='word_1_31' title='bbox 228 459 252 496; x_wconf 94' lang='lat'>8</span> <span class='ocrx_word' id='word_1_32' title='bbox 436 458 585 508; x_wconf 88' lang='lat' dir='ltr'><strong>Magna</strong></span> <span class='ocrx_word' id='word_1_33' title='bbox 619 470 708 507; x_wconf 88' lang='lat' dir='ltr'><strong>pars</strong></span> <span class='ocrx_word' id='word_1_34' title='bbox 741 458 915 495; x_wconf 86' lang='lat' dir='ltr'><strong>Iudaeae</strong></span> <span class='ocrx_word' id='word_1_35' title='bbox 948 455 1044 495; x_wconf 90' lang='lat' dir='ltr'><strong>vicis</strong></span> <span class='ocrx_word' id='word_1_36' title='bbox 1075 454 1320 506; x_wconf 85' lang='lat' dir='ltr'><strong>dispergitur,</strong></span> <span class='ocrx_word' id='word_1_37' title='bbox 1354 455 1503 494; x_wconf 90' lang='lat' dir='ltr'><strong>habent</strong></span> <span class='ocrx_word' id='word_1_38' title='bbox 1527 461 1568 494; x_wconf 91' lang='lat' dir='ltr'><strong>et</strong></span> <span class='ocrx_word' id='word_1_39' title='bbox 1600 466 1668 506; x_wconf 89' lang='lat' dir='ltr'><strong>op-</strong></span> 
     </span>
     <span class='ocr_line' id='line_1_6' title="bbox 273 518 1667 572; baseline -0.002 -11"><span class='ocrx_word' id='word_1_40' title='bbox 273 521 367 572; x_wconf 85' lang='lat' dir='ltr'><strong>pida</strong></span> <span class='ocrx_word' id='word_1_41' title='bbox 383 535 394 571; x_wconf 82' lang='lat'>3</span> <span class='ocrx_word' id='word_1_42' title='bbox 434 522 714 572; x_wconf 90' lang='lat' dir='ltr'><strong>Hierosolyma</strong></span> <span class='ocrx_word' id='word_1_43' title='bbox 747 520 853 571; x_wconf 88' lang='lat' dir='ltr'><strong>genti</strong></span> <span class='ocrx_word' id='word_1_44' title='bbox 891 528 1019 571; x_wconf 86' lang='lat' dir='ltr'><strong>caput.</strong></span> <span class='ocrx_word' id='word_1_45' title='bbox 1078 519 1157 559; x_wconf 88' lang='lat' dir='ltr'><strong>illic</strong></span> <span class='ocrx_word' id='word_1_46' title='bbox 1191 520 1407 559; x_wconf 89' lang='lat' dir='ltr'><strong>immensae</strong></span> <span class='ocrx_word' id='word_1_47' title='bbox 1439 518 1667 570; x_wconf 85' lang='lat' dir='ltr'><strong>opulentiae</strong></span> 
     </span>
     <span class='ocr_line' id='line_1_7' title="bbox 273 582 1669 637; baseline -0.001 -12"><span class='ocrx_word' id='word_1_48' title='bbox 273 588 478 637; x_wconf 89' lang='lat' dir='ltr'><strong>templum,</strong></span> <span class='ocrx_word' id='word_1_49' title='bbox 517 593 556 626; x_wconf 90' lang='lat' dir='ltr'><strong>et</strong></span> <span class='ocrx_word' id='word_1_50' title='bbox 595 585 730 636; x_wconf 87' lang='lat' dir='ltr'><strong>primis</strong></span> <span class='ocrx_word' id='word_1_51' title='bbox 769 586 1025 624; x_wconf 89' lang='lat' dir='ltr'><strong>munimentis</strong></span> <span class='ocrx_word' id='word_1_52' title='bbox 1059 585 1163 632; x_wconf 90' lang='lat' dir='ltr'><strong>urbs,</strong></span> <span class='ocrx_word' id='word_1_53' title='bbox 1200 585 1292 623; x_wconf 89' lang='lat' dir='ltr'><strong>dein</strong></span> <span class='ocrx_word' id='word_1_54' title='bbox 1325 582 1442 635; x_wconf 87' lang='lat' dir='ltr'><strong>regia,</strong></span> <span class='ocrx_word' id='word_1_55' title='bbox 1475 584 1669 635; x_wconf 90' lang='lat' dir='ltr'><strong>templum</strong></span> 
     </span>
     <span class='ocr_line' id='line_1_8' title="bbox 273 647 1668 699; baseline 0 -11"><span class='ocrx_word' id='word_1_56' title='bbox 273 648 421 690; x_wconf 88' lang='lat' dir='ltr'><strong>intimis</strong></span> <span class='ocrx_word' id='word_1_57' title='bbox 442 651 631 689; x_wconf 90' lang='lat' dir='ltr'><strong>clausum.</strong></span> <span class='ocrx_word' id='word_1_58' title='bbox 689 650 742 689; x_wconf 89' lang='lat' dir='ltr'><strong>ad</strong></span> <span class='ocrx_word' id='word_1_59' title='bbox 768 651 870 688; x_wconf 83' lang='lat' dir='ltr'><strong>fores</strong></span> <span class='ocrx_word' id='word_1_60' title='bbox 891 656 1046 688; x_wconf 87' lang='lat' dir='ltr'><strong>tantum</strong></span> <span class='ocrx_word' id='word_1_61' title='bbox 1069 649 1220 688; x_wconf 92' lang='lat' dir='ltr'><strong>Iudaeo</strong></span> <span class='ocrx_word' id='word_1_62' title='bbox 1245 649 1386 696; x_wconf 92' lang='lat' dir='ltr'><strong>aditus,</strong></span> <span class='ocrx_word' id='word_1_63' title='bbox 1408 647 1543 688; x_wconf 89' lang='lat' dir='ltr'><strong>limine</strong></span> <span class='ocrx_word' id='word_1_64' title='bbox 1562 661 1668 699; x_wconf 81' lang='lat' dir='ltr'><strong>prae·</strong></span> 
     </span>
    </p>

    <p class='ocr_par' dir='ltr' id='par_1_4' title="bbox 235 713 1670 1026">
     <span class='ocr_line' id='line_1_9' title="bbox 235 713 1669 765; baseline -0.002 -10"><span class='ocrx_word' id='word_1_65' title='bbox 235 725 253 756; x_wconf 91' lang='lat'><strong>5</strong></span> <span class='ocrx_word' id='word_1_66' title='bbox 272 722 330 754; x_wconf 88' lang='lat' dir='ltr'><strong>ter</strong></span> <span class='ocrx_word' id='word_1_67' title='bbox 369 716 592 754; x_wconf 87' lang='lat' dir='ltr'><strong>sacerdotes</strong></span> <span class='ocrx_word' id='word_1_68' title='bbox 629 714 875 754; x_wconf 84' lang='lat' dir='ltr'><strong>arcebantur.</strong></span> <span class='ocrx_word' id='word_1_69' title='bbox 933 714 1030 753; x_wconf 88' lang='lat' dir='ltr'><strong>dum</strong></span> <span class='ocrx_word' id='word_1_70' title='bbox 1061 714 1243 765; x_wconf 88' lang='lat' dir='ltr'><strong>Assyrios</strong></span> <span class='ocrx_word' id='word_1_71' title='bbox 1282 725 1404 764; x_wconf 89' lang='lat' dir='ltr'><strong>penes</strong></span> <span class='ocrx_word' id='word_1_72' title='bbox 1443 713 1669 764; x_wconf 85' lang='lat' dir='ltr'><strong>Medosque</strong></span> 
     </span>
     <span class='ocr_line' id='line_1_10' title="bbox 272 775 1669 830; baseline -0.001 -12"><span class='ocrx_word' id='word_1_73' title='bbox 272 786 312 818; x_wconf 91' lang='lat' dir='ltr'><strong>et</strong></span> <span class='ocrx_word' id='word_1_74' title='bbox 343 781 482 819; x_wconf 84' lang='lat' dir='ltr'><strong>Persas</strong></span> <span class='ocrx_word' id='word_1_75' title='bbox 510 776 653 819; x_wconf 87' lang='lat' dir='ltr'><strong>Oriens</strong></span> <span class='ocrx_word' id='word_1_76' title='bbox 684 778 767 827; x_wconf 87' lang='lat' dir='ltr'><strong>fuit,</strong></span> <span class='ocrx_word' id='word_1_77' title='bbox 802 777 1102 830; x_wconf 87' lang='lat' dir='ltr'><strong>despectissima</strong></span> <span class='ocrx_word' id='word_1_78' title='bbox 1133 791 1222 830; x_wconf 88' lang='lat' dir='ltr'><strong>pars</strong></span> <span class='ocrx_word' id='word_1_79' title='bbox 1252 775 1533 818; x_wconf 83' lang='lat' dir='ltr'><strong>servientium:</strong></span> <span class='ocrx_word' id='word_1_80' title='bbox 1565 784 1669 829; x_wconf 88' lang='lat' dir='ltr'><strong>post-</strong></span> 
     </span>
     <span class='ocr_line' id='line_1_11' title="bbox 274 842 1669 896; baseline -0.001 -12"><span class='ocrx_word' id='word_1_81' title='bbox 274 857 395 896; x_wconf 83' lang='lat' dir='ltr'><strong>quam</strong></span> <span class='ocrx_word' id='word_1_82' title='bbox 434 843 680 884; x_wconf 86' lang='lat' dir='ltr'><strong>Macedones</strong></span> <span class='ocrx_word' id='word_1_83' title='bbox 723 845 1003 896; x_wconf 85' lang='lat' dir='ltr'><strong>praepoIluere,</strong></span> <span class='ocrx_word' id='word_1_84' title='bbox 1043 857 1109 883; x_wconf 88' lang='lat' dir='ltr'><strong>rex</strong></span> <span class='ocrx_word' id='word_1_85' title='bbox 1150 842 1372 883; x_wconf 89' lang='lat' dir='ltr'><strong>Antiochus</strong></span> <span class='ocrx_word' id='word_1_86' title='bbox 1410 843 1571 883; x_wconf 90' lang='lat' dir='ltr'><strong>demere</strong></span> <span class='ocrx_word' id='word_1_87' title='bbox 1608 855 1669 882; x_wconf 87' lang='lat' dir='ltr'><strong>su-</strong></span> 
     </span>
     <span class='ocr_line' id='line_1_12' title="bbox 272 906 1668 962; baseline -0.001 -13"><span class='ocrx_word' id='word_1_88' title='bbox 272 909 544 962; x_wconf 87' lang='lat' dir='ltr'><strong>perstitionem</strong></span> <span class='ocrx_word' id='word_1_89' title='bbox 575 917 615 950; x_wconf 87' lang='lat' dir='ltr'><strong>et</strong></span> <span class='ocrx_word' id='word_1_90' title='bbox 646 922 774 949; x_wconf 90' lang='lat' dir='ltr'><strong>mores</strong></span> <span class='ocrx_word' id='word_1_91' title='bbox 813 910 1055 949; x_wconf 89' lang='lat' dir='ltr'><strong>Graecorum</strong></span> <span class='ocrx_word' id='word_1_92' title='bbox 1090 910 1184 949; x_wconf 89' lang='lat' dir='ltr'><strong>dare</strong></span> <span class='ocrx_word' id='word_1_93' title='bbox 1215 907 1388 957; x_wconf 88' lang='lat' dir='ltr'><strong>adnisus,</strong></span> <span class='ocrx_word' id='word_1_94' title='bbox 1421 921 1504 960; x_wconf 85' lang='lat' dir='ltr'><strong>quo</strong></span> <span class='ocrx_word' id='word_1_95' title='bbox 1537 906 1668 948; x_wconf 88' lang='lat' dir='ltr'><strong>minus</strong></span> 
     </span>
     <span class='ocr_line' id='line_1_13' title="bbox 273 972 1670 1026; baseline -0.002 -12"><span class='ocrx_word' id='word_1_96' title='bbox 273 976 537 1015; x_wconf 87' lang='lat' dir='ltr'><strong>taeterrimam</strong></span> <span class='ocrx_word' id='word_1_97' title='bbox 560 982 718 1026; x_wconf 87' lang='lat' dir='ltr'><strong>gentem</strong></span> <span class='ocrx_word' id='word_1_98' title='bbox 744 974 784 1014; x_wconf 90' lang='lat' dir='ltr'><strong>in</strong></span> <span class='ocrx_word' id='word_1_99' title='bbox 810 975 952 1014; x_wconf 90' lang='lat' dir='ltr'><strong>melius</strong></span> <span class='ocrx_word' id='word_1_100' title='bbox 983 981 1163 1022; x_wconf 90' lang='lat' dir='ltr'><strong>mutaret,</strong></span> <span class='ocrx_word' id='word_1_101' title='bbox 1193 974 1428 1013; x_wconf 89' lang='lat' dir='ltr'><strong>Parthorum</strong></span> <span class='ocrx_word' id='word_1_102' title='bbox 1454 972 1561 1013; x_wconf 86' lang='lat' dir='ltr'><strong>bello</strong></span> <span class='ocrx_word' id='word_1_103' title='bbox 1582 985 1670 1024; x_wconf 89' lang='lat' dir='ltr'><strong>pro-</strong></span> 
     </span>
    </p>

    <p class='ocr_par' dir='ltr' id='par_1_5' title="bbox 215 1038 1669 1352">
     <span class='ocr_line' id='line_1_14' title="bbox 215 1038 1668 1091; baseline 0 -13"><span class='ocrx_word' id='word_1_104' title='bbox 215 1055 253 1078; x_wconf 88' lang='lat'><strong>10</strong></span> <span class='ocrx_word' id='word_1_105' title='bbox 275 1040 422 1080; x_wconf 91' lang='lat' dir='ltr'><strong>hibitus</strong></span> <span class='ocrx_word' id='word_1_106' title='bbox 446 1048 506 1080; x_wconf 90' lang='lat' dir='ltr'><strong>est</strong></span> <span class='ocrx_word' id='word_1_107' title='bbox 520 1054 531 1090; x_wconf 85' lang='lat'>3</span> <span class='ocrx_word' id='word_1_108' title='bbox 568 1053 661 1079; x_wconf 86' lang='lat' dir='ltr'><strong>nam</strong></span> <span class='ocrx_word' id='word_1_109' title='bbox 689 1053 736 1080; x_wconf 88' lang='lat' dir='ltr'><strong>ea</strong></span> <span class='ocrx_word' id='word_1_110' title='bbox 761 1047 997 1091; x_wconf 88' lang='lat' dir='ltr'><strong>tempestate</strong></span> <span class='ocrx_word' id='word_1_111' title='bbox 1019 1041 1186 1079; x_wconf 87' lang='lat' dir='ltr'><strong>Arsaces</strong></span> <span class='ocrx_word' id='word_1_112' title='bbox 1211 1038 1439 1079; x_wconf 87' lang='lat' dir='ltr'><strong>desciverat.</strong></span> <span class='ocrx_word' id='word_1_113' title='bbox 1495 1045 1583 1078; x_wconf 90' lang='lat' dir='ltr'><strong>tum</strong></span> <span class='ocrx_word' id='word_1_114' title='bbox 1605 1038 1668 1078; x_wconf 91' lang='lat' dir='ltr'><strong>Iu-</strong></span> 
     </span>
     <span class='ocr_line' id='line_1_15' title="bbox 273 1102 1669 1154; baseline -0.003 -7"><span class='ocrx_word' id='word_1_115' title='bbox 273 1107 362 1147; x_wconf 86' lang='lat' dir='ltr'><strong>daei</strong></span> <span class='ocrx_word' id='word_1_116' title='bbox 394 1105 689 1146; x_wconf 89' lang='lat' dir='ltr'><strong>Macedonibus</strong></span> <span class='ocrx_word' id='word_1_117' title='bbox 717 1105 910 1154; x_wconf 85' lang='lat' dir='ltr'><strong>invalidis,</strong></span> <span class='ocrx_word' id='word_1_118' title='bbox 942 1104 1094 1145; x_wconf 89' lang='lat' dir='ltr'><strong>Parthis</strong></span> <span class='ocrx_word' id='word_1_119' title='bbox 1123 1105 1303 1144; x_wconf 87' lang='lat' dir='ltr'><strong>nondum</strong></span> <span class='ocrx_word' id='word_1_120' title='bbox 1331 1102 1478 1144; x_wconf 88' lang='lat' dir='ltr'><strong>adultis</strong></span> <span class='ocrx_word' id='word_1_121' title='bbox 1506 1102 1563 1154; x_wconf 86' lang='lat' dir='ltr'><strong>(et</strong></span> <span class='ocrx_word' id='word_1_122' title='bbox 1589 1103 1669 1143; x_wconf 91' lang='lat' dir='ltr'><strong>Ro·</strong></span> 
     </span>
     <span class='ocr_line' id='line_1_16' title="bbox 274 1167 1668 1223; baseline -0.002 -12"><span class='ocrx_word' id='word_1_123' title='bbox 274 1173 382 1211; x_wconf 91' lang='lat' dir='ltr'><strong>mani</strong></span> <span class='ocrx_word' id='word_1_124' title='bbox 411 1172 548 1223; x_wconf 90' lang='lat' dir='ltr'><strong>procul</strong></span> <span class='ocrx_word' id='word_1_125' title='bbox 578 1170 718 1222; x_wconf 89' lang='lat' dir='ltr'><strong>erant),</strong></span> <span class='ocrx_word' id='word_1_126' title='bbox 741 1170 816 1210; x_wconf 89' lang='lat' dir='ltr'><strong>sibi</strong></span> <span class='ocrx_word' id='word_1_127' title='bbox 845 1169 919 1222; x_wconf 89' lang='lat' dir='ltr'><strong>ipsi</strong></span> <span class='ocrx_word' id='word_1_128' title='bbox 946 1183 1057 1221; x_wconf 89' lang='lat' dir='ltr'><strong>reges</strong></span> <span class='ocrx_word' id='word_1_129' title='bbox 1083 1170 1330 1220; x_wconf 83' lang='lat' dir='ltr'><strong>imposuere3</strong></span> <span class='ocrx_word' id='word_1_130' title='bbox 1358 1167 1428 1220; x_wconf 91' lang='lat' dir='ltr'><strong>qui</strong></span> <span class='ocrx_word' id='word_1_131' title='bbox 1447 1168 1668 1208; x_wconf 87' lang='lat' dir='ltr'><strong>mobilitate</strong></span> 
     </span>
     <span class='ocr_line' id='line_1_17' title="bbox 272 1231 1665 1288; baseline -0.003 -12"><span class='ocrx_word' id='word_1_132' title='bbox 272 1236 379 1288; x_wconf 92' lang='lat' dir='ltr'><strong>vulgi</strong></span> <span class='ocrx_word' id='word_1_133' title='bbox 409 1236 571 1288; x_wconf 88' lang='lat' dir='ltr'><strong>expulsi,</strong></span> <span class='ocrx_word' id='word_1_134' title='bbox 600 1243 801 1287; x_wconf 90' lang='lat' dir='ltr'><strong>resumpta</strong></span> <span class='ocrx_word' id='word_1_135' title='bbox 830 1249 900 1287; x_wconf 89' lang='lat' dir='ltr'><strong>per</strong></span> <span class='ocrx_word' id='word_1_136' title='bbox 928 1249 1037 1275; x_wconf 86' lang='lat' dir='ltr'><strong>arma</strong></span> <span class='ocrx_word' id='word_1_137' title='bbox 1067 1234 1341 1275; x_wconf 89' lang='lat' dir='ltr'><strong>dominatione</strong></span> <span class='ocrx_word' id='word_1_138' title='bbox 1370 1235 1482 1285; x_wconf 88' lang='lat' dir='ltr'><strong>fugas</strong></span> <span class='ocrx_word' id='word_1_139' title='bbox 1508 1231 1665 1282; x_wconf 88' lang='lat' dir='ltr'><strong>civium,</strong></span> 
     </span>
     <span class='ocr_line' id='line_1_18' title="bbox 272 1297 1669 1352; baseline -0.001 -11"><span class='ocrx_word' id='word_1_140' title='bbox 272 1302 430 1343; x_wconf 87' lang='lat' dir='ltr'><strong>urbium</strong></span> <span class='ocrx_word' id='word_1_141' title='bbox 464 1303 699 1350; x_wconf 90' lang='lat' dir='ltr'><strong>eversiones,</strong></span> <span class='ocrx_word' id='word_1_142' title='bbox 735 1303 897 1340; x_wconf 88' lang='lat' dir='ltr'><strong>fratrum</strong></span> <span class='ocrx_word' id='word_1_143' title='bbox 930 1300 1144 1352; x_wconf 89' lang='lat' dir='ltr'><strong>coniugum</strong></span> <span class='ocrx_word' id='word_1_144' title='bbox 1182 1307 1392 1352; x_wconf 90' lang='lat' dir='ltr'><strong>parentum</strong></span> <span class='ocrx_word' id='word_1_145' title='bbox 1429 1311 1547 1339; x_wconf 89' lang='lat' dir='ltr'><strong>neces</strong></span> <span class='ocrx_word' id='word_1_146' title='bbox 1579 1297 1669 1340; x_wconf 91' lang='lat' dir='ltr'><strong>alia-</strong></span> 
     </span>
    </p>

    <p class='ocr_par' dir='ltr' id='par_1_6' title="bbox 213 1363 1667 1483">
     <span class='ocr_line' id='line_1_19' title="bbox 213 1363 1667 1419; baseline -0.003 -10"><span class='ocrx_word' id='word_1_147' title='bbox 213 1376 253 1410; x_wconf 89' lang='lat'><strong>15</strong></span> <span class='ocrx_word' id='word_1_148' title='bbox 273 1381 351 1419; x_wconf 90' lang='lat' dir='ltr'><strong>que</strong></span> <span class='ocrx_word' id='word_1_149' title='bbox 386 1369 501 1407; x_wconf 89' lang='lat' dir='ltr'><strong>solita</strong></span> <span class='ocrx_word' id='word_1_150' title='bbox 533 1367 689 1418; x_wconf 87' lang='lat' dir='ltr'><strong>regibus</strong></span> <span class='ocrx_word' id='word_1_151' title='bbox 722 1366 807 1405; x_wconf 85' lang='lat' dir='ltr'><strong>ausi</strong></span> <span class='ocrx_word' id='word_1_152' title='bbox 838 1365 1155 1417; x_wconf 88' lang='lat' dir='ltr'><strong>superstitionem</strong></span> <span class='ocrx_word' id='word_1_153' title='bbox 1186 1364 1384 1413; x_wconf 87' lang='lat' dir='ltr'><strong>fovebant,</strong></span> <span class='ocrx_word' id='word_1_154' title='bbox 1413 1363 1508 1416; x_wconf 88' lang='lat' dir='ltr'><strong>quia</strong></span> <span class='ocrx_word' id='word_1_155' title='bbox 1539 1364 1667 1405; x_wconf 87' lang='lat' dir='ltr'><strong>honor</strong></span> 
     </span>
     <span class='ocr_line' id='line_1_20' title="bbox 273 1430 1331 1483; baseline -0.003 -11"><span class='ocrx_word' id='word_1_156' title='bbox 273 1433 484 1473; x_wconf 85' lang='lat' dir='ltr'><strong>sacerdotii</strong></span> <span class='ocrx_word' id='word_1_157' title='bbox 504 1434 797 1472; x_wconf 90' lang='lat' dir='ltr'><strong>firmamentum</strong></span> <span class='ocrx_word' id='word_1_158' title='bbox 816 1431 1017 1483; x_wconf 90' lang='lat' dir='ltr'><strong>potentiae</strong></span> <span class='ocrx_word' id='word_1_159' title='bbox 1036 1430 1331 1470; x_wconf 85' lang='lat' dir='ltr'><strong>adsumebatur.</strong></span> 
     </span>
    </p>

    <p class='ocr_par' dir='ltr' id='par_1_7' title="bbox 221 1494 1667 1746">
     <span class='ocr_line' id='line_1_21' title="bbox 221 1494 1667 1549; baseline -0.002 -11"><span class='ocrx_word' id='word_1_160' title='bbox 221 1510 250 1548; x_wconf 87' lang='grc'>9</span> <span class='ocrx_word' id='word_1_161' title='bbox 438 1500 714 1538; x_wconf 90' lang='lat' dir='ltr'><strong>Romanorum</strong></span> <span class='ocrx_word' id='word_1_162' title='bbox 753 1498 900 1549; x_wconf 89' lang='lat' dir='ltr'><strong>primus</strong></span> <span class='ocrx_word' id='word_1_163' title='bbox 940 1498 1015 1537; x_wconf 93' lang='lat' dir='ltr'><strong>Cn.</strong></span> <span class='ocrx_word' id='word_1_164' title='bbox 1049 1496 1264 1546; x_wconf 90' lang='lat' dir='ltr'><strong>Pompeius</strong></span> <span class='ocrx_word' id='word_1_165' title='bbox 1303 1496 1476 1536; x_wconf 89' lang='lat' dir='ltr'><strong>Iudaeos</strong></span> <span class='ocrx_word' id='word_1_166' title='bbox 1512 1494 1667 1535; x_wconf 91' lang='lat' dir='ltr'><strong>domuit</strong></span> 
     </span>
     <span class='ocr_line' id='line_1_22' title="bbox 275 1559 1667 1616; baseline -0.003 -13"><span class='ocrx_word' id='word_1_167' title='bbox 275 1566 550 1616; x_wconf 90' lang='lat' dir='ltr'><strong>templumque</strong></span> <span class='ocrx_word' id='word_1_168' title='bbox 576 1562 660 1603; x_wconf 90' lang='lat' dir='ltr'><strong>iure</strong></span> <span class='ocrx_word' id='word_1_169' title='bbox 678 1562 864 1602; x_wconf 89' lang='lat' dir='ltr'><strong>victoriae</strong></span> <span class='ocrx_word' id='word_1_170' title='bbox 890 1561 1088 1613; x_wconf 88' lang='lat' dir='ltr'><strong>ingressus</strong></span> <span class='ocrx_word' id='word_1_171' title='bbox 1112 1568 1195 1602; x_wconf 90' lang='lat' dir='ltr'><strong>est:</strong></span> <span class='ocrx_word' id='word_1_172' title='bbox 1226 1559 1320 1600; x_wconf 91' lang='lat' dir='ltr'><strong>inde</strong></span> <span class='ocrx_word' id='word_1_173' title='bbox 1339 1561 1540 1611; x_wconf 89' lang='lat' dir='ltr'><strong>vulgatum</strong></span> <span class='ocrx_word' id='word_1_174' title='bbox 1559 1561 1667 1600; x_wconf 88' lang='lat' dir='ltr'><strong>nulla</strong></span> 
     </span>
     <span class='ocr_line' id='line_1_23' title="bbox 275 1624 1667 1680; baseline -0.004 -11"><span class='ocrx_word' id='word_1_175' title='bbox 275 1631 382 1669; x_wconf 91' lang='lat' dir='ltr'><strong>intus</strong></span> <span class='ocrx_word' id='word_1_176' title='bbox 421 1631 542 1668; x_wconf 89' lang='lat' dir='ltr'><strong>deum</strong></span> <span class='ocrx_word' id='word_1_177' title='bbox 582 1628 708 1680; x_wconf 87' lang='lat' dir='ltr'><strong>effigie</strong></span> <span class='ocrx_word' id='word_1_178' title='bbox 746 1641 912 1667; x_wconf 90' lang='lat' dir='ltr'><strong>vacuam</strong></span> <span class='ocrx_word' id='word_1_179' title='bbox 951 1628 1086 1667; x_wconf 90' lang='lat' dir='ltr'><strong>sedem</strong></span> <span class='ocrx_word' id='word_1_180' title='bbox 1125 1634 1164 1666; x_wconf 91' lang='lat' dir='ltr'><strong>et</strong></span> <span class='ocrx_word' id='word_1_181' title='bbox 1202 1625 1334 1666; x_wconf 86' lang='lat' dir='ltr'><strong>inania</strong></span> <span class='ocrx_word' id='word_1_182' title='bbox 1365 1638 1516 1665; x_wconf 89' lang='lat' dir='ltr'><strong>arcana.</strong></span> <span class='ocrx_word' id='word_1_183' title='bbox 1565 1624 1667 1666; x_wconf 88' lang='lat' dir='ltr'><strong>muri</strong></span> 
     </span>
     <span class='ocr_line' id='line_1_24' title="bbox 278 1688 1667 1746; baseline -0.004 -12"><span class='ocrx_word' id='word_1_184' title='bbox 278 1694 646 1746; x_wconf 90' lang='lat' dir='ltr'><strong>Hierosolymorum</strong></span> <span class='ocrx_word' id='word_1_185' title='bbox 686 1693 814 1741; x_wconf 91' lang='lat' dir='ltr'><strong>diruti,</strong></span> <span class='ocrx_word' id='word_1_186' title='bbox 849 1692 1060 1733; x_wconf 90' lang='lat' dir='ltr'><strong>delubrum</strong></span> <span class='ocrx_word' id='word_1_187' title='bbox 1093 1692 1249 1731; x_wconf 89' lang='lat' dir='ltr'><strong>mansit.</strong></span> <span class='ocrx_word' id='word_1_188' title='bbox 1306 1703 1400 1730; x_wconf 84' lang='lat' dir='ltr'><strong>mox</strong></span> <span class='ocrx_word' id='word_1_189' title='bbox 1431 1688 1535 1730; x_wconf 91' lang='lat' dir='ltr'><strong>civili</strong></span> <span class='ocrx_word' id='word_1_190' title='bbox 1566 1689 1667 1730; x_wconf 89' lang='lat' dir='ltr'><strong>inter</strong></span> 
     </span>
    </p>

    <p class='ocr_par' dir='ltr' id='par_1_8' title="bbox 233 1754 1667 2002">
     <span class='ocr_line' id='line_1_25' title="bbox 233 1754 1667 1810; baseline -0.003 -10"><span class='ocrx_word' id='word_1_191' title='bbox 233 1768 253 1801; x_wconf 84' lang='lat'>5</span> <span class='ocrx_word' id='word_1_192' title='bbox 276 1773 350 1799; x_wconf 89' lang='lat' dir='ltr'><strong>nos</strong></span> <span class='ocrx_word' id='word_1_193' title='bbox 377 1760 492 1808; x_wconf 89' lang='lat' dir='ltr'><strong>bello,</strong></span> <span class='ocrx_word' id='word_1_194' title='bbox 519 1767 732 1810; x_wconf 88' lang='lat' dir='ltr'><strong>postquam</strong></span> <span class='ocrx_word' id='word_1_195' title='bbox 758 1760 799 1798; x_wconf 91' lang='lat' dir='ltr'><strong>in</strong></span> <span class='ocrx_word' id='word_1_196' title='bbox 823 1758 1024 1798; x_wconf 89' lang='lat' dir='ltr'><strong>dicionem</strong></span> <span class='ocrx_word' id='word_1_197' title='bbox 1053 1757 1112 1796; x_wconf 88' lang='lat' dir='ltr'><strong>M.</strong></span> <span class='ocrx_word' id='word_1_198' title='bbox 1140 1755 1307 1796; x_wconf 91' lang='lat' dir='ltr'><strong>Antonii</strong></span> <span class='ocrx_word' id='word_1_199' title='bbox 1334 1754 1560 1808; x_wconf 87' lang='lat' dir='ltr'><strong>provinciae</strong></span> <span class='ocrx_word' id='word_1_200' title='bbox 1585 1767 1667 1795; x_wconf 88' lang='lat' dir='ltr'><strong>ces-</strong></span> 
     </span>
     <span class='ocr_line' id='line_1_26' title="bbox 274 1817 1667 1870; baseline -0.003 -9"><span class='ocrx_word' id='word_1_201' title='bbox 274 1830 416 1870; x_wconf 91' lang='lat' dir='ltr'><strong>serant,</strong></span> <span class='ocrx_word' id='word_1_202' title='bbox 457 1835 523 1861; x_wconf 89' lang='lat' dir='ltr'><strong>rex</strong></span> <span class='ocrx_word' id='word_1_203' title='bbox 563 1823 796 1860; x_wconf 84' lang='lat' dir='ltr'><strong>Parthorum</strong></span> <span class='ocrx_word' id='word_1_204' title='bbox 837 1823 1008 1860; x_wconf 85' lang='lat' dir='ltr'><strong>Pacorus</strong></span> <span class='ocrx_word' id='word_1_205' title='bbox 1054 1820 1205 1859; x_wconf 89' lang='lat' dir='ltr'><strong>Iudaea</strong></span> <span class='ocrx_word' id='word_1_206' title='bbox 1241 1819 1389 1870; x_wconf 91' lang='lat' dir='ltr'><strong>potitus</strong></span> <span class='ocrx_word' id='word_1_207' title='bbox 1426 1817 1667 1858; x_wconf 82' lang='lat' dir='ltr'><strong>interfectus-</strong></span> 
     </span>
     <span class='ocr_line' id='line_1_27' title="bbox 273 1881 1667 1938; baseline -0.003 -12"><span class='ocrx_word' id='word_1_208' title='bbox 273 1900 352 1938; x_wconf 89' lang='lat' dir='ltr'><strong>que</strong></span> <span class='ocrx_word' id='word_1_209' title='bbox 384 1900 408 1926; x_wconf 87' lang='lat' dir='ltr'><strong>a</strong></span> <span class='ocrx_word' id='word_1_210' title='bbox 443 1889 486 1925; x_wconf 90' lang='lat' dir='ltr'><strong>P.</strong></span> <span class='ocrx_word' id='word_1_211' title='bbox 519 1886 721 1934; x_wconf 89' lang='lat' dir='ltr'><strong>Ventidio,</strong></span> <span class='ocrx_word' id='word_1_212' title='bbox 756 1893 794 1925; x_wconf 92' lang='lat' dir='ltr'><strong>et</strong></span> <span class='ocrx_word' id='word_1_213' title='bbox 827 1885 960 1925; x_wconf 87' lang='lat' dir='ltr'><strong>Parthi</strong></span> <span class='ocrx_word' id='word_1_214' title='bbox 991 1892 1098 1925; x_wconf 87' lang='lat' dir='ltr'><strong>trans</strong></span> <span class='ocrx_word' id='word_1_215' title='bbox 1130 1884 1362 1935; x_wconf 90' lang='lat' dir='ltr'><strong>Euphraten</strong></span> <span class='ocrx_word' id='word_1_216' title='bbox 1393 1881 1565 1923; x_wconf 61' lang='lat' dir='ltr'><strong>redacti}</strong></span> <span class='ocrx_word' id='word_1_217' title='bbox 1604 1883 1667 1922; x_wconf 94' lang='lat' dir='ltr'><strong>Iu-</strong></span> 
     </span>
     <span class='ocr_line' id='line_1_28' title="bbox 274 1946 1665 2002; baseline -0.004 -10"><span class='ocrx_word' id='word_1_218' title='bbox 274 1953 395 1992; x_wconf 90' lang='lat' dir='ltr'><strong>daeos</strong></span> <span class='ocrx_word' id='word_1_219' title='bbox 420 1953 465 1993; x_wconf 90' lang='lat' dir='ltr'><strong>C.</strong></span> <span class='ocrx_word' id='word_1_220' title='bbox 486 1952 621 1991; x_wconf 90' lang='lat' dir='ltr'><strong>Sosius</strong></span> <span class='ocrx_word' id='word_1_221' title='bbox 652 1950 819 2002; x_wconf 88' lang='lat' dir='ltr'><strong>subegit.</strong></span> <span class='ocrx_word' id='word_1_222' title='bbox 876 1963 1040 2001; x_wconf 88' lang='lat' dir='ltr'><strong>regnum</strong></span> <span class='ocrx_word' id='word_1_223' title='bbox 1066 1950 1118 1989; x_wconf 89' lang='lat' dir='ltr'><strong>ab</strong></span> <span class='ocrx_word' id='word_1_224' title='bbox 1144 1949 1322 1989; x_wconf 89' lang='lat' dir='ltr'><strong>Antonio</strong></span> <span class='ocrx_word' id='word_1_225' title='bbox 1346 1946 1504 1989; x_wconf 89' lang='lat' dir='ltr'><strong>Herodi</strong></span> <span class='ocrx_word' id='word_1_226' title='bbox 1527 1947 1665 1988; x_wconf 89' lang='lat' dir='ltr'><strong>datum</strong></span> 
     </span>
    </p>
   </div>
   <div class='ocr_carea' id='block_1_3' title="bbox 274 2051 1671 2444">
    <p class='ocr_par' dir='ltr' id='par_1_9' title="bbox 274 2051 1671 2444">
     <span class='ocr_line' id='line_1_29' title="bbox 275 2051 1666 2097; baseline -0.002 -10"><span class='ocrx_word' id='word_1_227' title='bbox 275 2066 316 2087; x_wconf 85' lang='lat'><strong>10</strong></span> <span class='ocrx_word' id='word_1_228' title='bbox 338 2055 388 2097; x_wconf 86' lang='lat' dir='ltr'><strong>et]</strong></span> <span class='ocrx_word' id='word_1_229' title='bbox 405 2062 439 2087; x_wconf 85' lang='lat' dir='ltr'><strong>at</strong></span> <span class='ocrx_word' id='word_1_230' title='bbox 455 2055 571 2095; x_wconf 79' lang='lat' dir='ltr'><strong>Rt&#39;tter,</strong></span> <span class='ocrx_word' id='word_1_231' title='bbox 592 2053 701 2085; x_wconf 81' lang='lat' dir='ltr'><strong>Halm</strong></span> <span class='ocrx_word' id='word_1_232' title='bbox 771 2053 888 2086; x_wconf 88' lang='lat' dir='ltr'><strong>Belius</strong></span> <span class='ocrx_word' id='word_1_233' title='bbox 905 2054 1042 2086; x_wconf 79' lang='lat' dir='ltr'><strong>Meiser:</strong></span> <span class='ocrx_word' id='word_1_234' title='bbox 1066 2054 1121 2085; x_wconf 89' lang='lat' dir='ltr'><strong>bel</strong></span> <span class='ocrx_word' id='word_1_235' title='bbox 1141 2054 1197 2086; x_wconf 86' lang='lat' dir='ltr'><strong>Ius</strong></span> <span class='ocrx_word' id='word_1_236' title='bbox 1208 2053 1251 2085; x_wconf 92' lang='lat' dir='ltr'><strong>M</strong></span> <span class='ocrx_word' id='word_1_237' title='bbox 1263 2064 1271 2086; x_wconf 72' lang='grc' dir='ltr'><strong><em>ε</em></strong></span> <span class='ocrx_word' id='word_1_238' title='bbox 1289 2052 1398 2085; x_wconf 88' lang='lat' dir='ltr'><strong>bellus</strong></span> <span class='ocrx_word' id='word_1_239' title='bbox 1413 2057 1571 2094; x_wconf 81' lang='lat' dir='ltr'><strong>superscr.</strong></span> <span class='ocrx_word' id='word_1_240' title='bbox 1583 2051 1641 2084; x_wconf 86' lang='lat' dir='ltr'><strong>M²</strong></span> <span class='ocrx_word' id='word_1_241' title='bbox 1658 2063 1666 2084; x_wconf 89' lang='lat'>:</span> 
     </span>
     <span class='ocr_line' id='line_1_30' title="bbox 274 2096 1636 2138; baseline -0.002 -8"><span class='ocrx_word' id='word_1_242' title='bbox 274 2099 378 2130; x_wconf 87' lang='lat' dir='ltr'><strong>Belus</strong></span> <span class='ocrx_word' id='word_1_243' title='bbox 394 2099 577 2130; x_wconf 81' lang='lat' dir='ltr'><strong>Rhenanus</strong></span> <span class='ocrx_word' id='word_1_244' title='bbox 688 2108 722 2128; x_wconf 91' lang='lat'><strong>11</strong></span> <span class='ocrx_word' id='word_1_245' title='bbox 749 2098 853 2138; x_wconf 88' lang='lat' dir='ltr'><strong>nitro]</strong></span> <span class='ocrx_word' id='word_1_246' title='bbox 871 2098 958 2129; x_wconf 92' lang='lat' dir='ltr'><strong>vitro</strong></span> <span class='ocrx_word' id='word_1_247' title='bbox 976 2098 1009 2129; x_wconf 82' lang='lat' dir='ltr'><strong>in</strong></span> <span class='ocrx_word' id='word_1_248' title='bbox 1025 2108 1145 2129; x_wconf 86' lang='lat' dir='ltr'><strong>rasura</strong></span> <span class='ocrx_word' id='word_1_249' title='bbox 1161 2097 1204 2128; x_wconf 92' lang='lat' dir='ltr'><strong>M</strong></span> <span class='ocrx_word' id='word_1_250' title='bbox 1312 2107 1350 2128; x_wconf 86' lang='lat'><strong>12</strong></span> <span class='ocrx_word' id='word_1_251' title='bbox 1372 2096 1433 2128; x_wconf 89' lang='lat' dir='ltr'><strong>sed</strong></span> <span class='ocrx_word' id='word_1_252' title='bbox 1449 2096 1636 2128; x_wconf 82' lang='lat' dir='ltr'><strong>Rhenanus</strong></span> 
     </span>
     <span class='ocr_line' id='line_1_31' title="bbox 317 2139 1667 2183; baseline -0.003 -8"><span class='ocrx_word' id='word_1_253' title='bbox 317 2142 350 2175; x_wconf 90' lang='lat'><strong>8.</strong></span> <span class='ocrx_word' id='word_1_254' title='bbox 378 2152 399 2183; x_wconf 92' lang='lat'>3</span> <span class='ocrx_word' id='word_1_255' title='bbox 421 2141 556 2183; x_wconf 88' lang='lat' dir='ltr'><strong>primis]</strong></span> <span class='ocrx_word' id='word_1_256' title='bbox 572 2142 672 2172; x_wconf 86' lang='lat' dir='ltr'><strong>trinis</strong></span> <span class='ocrx_word' id='word_1_257' title='bbox 690 2141 831 2172; x_wconf 83' lang='lat' dir='ltr'><strong>malebat</strong></span> <span class='ocrx_word' id='word_1_258' title='bbox 844 2141 984 2173; x_wconf 82' lang='lat' dir='ltr'><strong>Ernesti</strong></span> <span class='ocrx_word' id='word_1_259' title='bbox 1068 2142 1148 2173; x_wconf 87' lang='lat' dir='ltr'><strong>dein</strong></span> <span class='ocrx_word' id='word_1_260' title='bbox 1165 2141 1259 2181; x_wconf 85' lang='lat' dir='ltr'><strong>regia</strong></span> <span class='ocrx_word' id='word_1_261' title='bbox 1275 2140 1453 2173; x_wconf 77' lang='lat' dir='ltr'><strong>Mercerus:</strong></span> <span class='ocrx_word' id='word_1_262' title='bbox 1482 2140 1525 2171; x_wconf 90' lang='lat' dir='ltr'><strong>de</strong></span> <span class='ocrx_word' id='word_1_263' title='bbox 1545 2139 1551 2182; x_wconf 79' lang='grc' dir='ltr'>Ι</span> <span class='ocrx_word' id='word_1_264' title='bbox 1572 2139 1667 2179; x_wconf 87' lang='lat' dir='ltr'><strong>Ingia</strong></span> 
     </span>
     <span class='ocr_line' id='line_1_32' title="bbox 274 2182 1666 2226; baseline -0.004 -9"><span class='ocrx_word' id='word_1_265' title='bbox 274 2186 317 2217; x_wconf 94' lang='lat' dir='ltr'><strong>M</strong></span> <span class='ocrx_word' id='word_1_266' title='bbox 414 2187 437 2216; x_wconf 90' lang='lat'><strong>6</strong></span> <span class='ocrx_word' id='word_1_267' title='bbox 459 2195 619 2226; x_wconf 83' lang='lat' dir='ltr'><strong>persaxas</strong></span> <span class='ocrx_word' id='word_1_268' title='bbox 636 2185 677 2215; x_wconf 92' lang='lat' dir='ltr'><strong>M</strong></span> <span class='ocrx_word' id='word_1_269' title='bbox 784 2197 802 2225; x_wconf 96' lang='lat'><strong>7</strong></span> <span class='ocrx_word' id='word_1_270' title='bbox 829 2185 1062 2226; x_wconf 87' lang='lat' dir='ltr'><strong>praepolluere</strong></span> <span class='ocrx_word' id='word_1_271' title='bbox 1077 2185 1204 2216; x_wconf 87' lang='lat' dir='ltr'><strong>Halm:</strong></span> <span class='ocrx_word' id='word_1_272' title='bbox 1232 2190 1460 2226; x_wconf 83' lang='lat' dir='ltr'><strong>praepotuere</strong></span> <span class='ocrx_word' id='word_1_273' title='bbox 1475 2182 1518 2214; x_wconf 88' lang='lat' dir='ltr'><strong>M</strong></span> <span class='ocrx_word' id='word_1_274' title='bbox 1625 2192 1666 2213; x_wconf 91' lang='lat'><strong>10</strong></span> 
     </span>
     <span class='ocr_line' id='line_1_33' title="bbox 276 2225 1671 2270; baseline -0.003 -10"><span class='ocrx_word' id='word_1_275' title='bbox 276 2240 352 2261; x_wconf 88' lang='lat' dir='ltr'><strong>nam</strong></span> <span class='ocrx_word' id='word_1_276' title='bbox 373 2254 381 2262; x_wconf 86' lang='lat'><strong><em>.</em></strong></span> <span class='ocrx_word' id='word_1_277' title='bbox 398 2253 406 2261; x_wconf 93' lang='lat'><strong>.</strong></span> <span class='ocrx_word' id='word_1_278' title='bbox 424 2253 432 2261; x_wconf 92' lang='lat'><strong>.</strong></span> <span class='ocrx_word' id='word_1_279' title='bbox 459 2230 650 2260; x_wconf 84' lang='lat' dir='ltr'><strong>desciverat</strong></span> <span class='ocrx_word' id='word_1_280' title='bbox 686 2229 968 2261; x_wconf 81' lang='lat' dir='ltr'><strong>‘additamentum</strong></span> <span class='ocrx_word' id='word_1_281' title='bbox 1002 2229 1148 2270; x_wconf 82' lang='lat' dir='ltr'><strong>imperiti</strong></span> <span class='ocrx_word' id='word_1_282' title='bbox 1177 2228 1339 2259; x_wconf 79' lang='lat' dir='ltr'><strong>hominis&#39;</strong></span> <span class='ocrx_word' id='word_1_283' title='bbox 1365 2226 1508 2259; x_wconf 77' lang='lat' dir='ltr'><strong>credebat</strong></span> <span class='ocrx_word' id='word_1_284' title='bbox 1536 2225 1671 2257; x_wconf 77' lang='lat' dir='ltr'><strong>Ernesti</strong></span> 
     </span>
     <span class='ocr_line' id='line_1_34' title="bbox 278 2268 1666 2314; baseline -0.002 -11"><span class='ocrx_word' id='word_1_285' title='bbox 278 2283 317 2303; x_wconf 91' lang='lat'><strong>12</strong></span> <span class='ocrx_word' id='word_1_286' title='bbox 339 2273 367 2304; x_wconf 88' lang='lat' dir='ltr'><strong>si</strong></span> <span class='ocrx_word' id='word_1_287' title='bbox 396 2273 443 2313; x_wconf 89' lang='lat' dir='ltr'><strong>M,</strong></span> <span class='ocrx_word' id='word_1_288' title='bbox 467 2272 501 2303; x_wconf 92' lang='lat' dir='ltr'><strong>bi</strong></span> <span class='ocrx_word' id='word_1_289' title='bbox 528 2278 682 2314; x_wconf 78' lang='lat' dir='ltr'><strong>superscr.</strong></span> <span class='ocrx_word' id='word_1_290' title='bbox 714 2273 755 2304; x_wconf 93' lang='lat' dir='ltr'><strong>M</strong></span> <span class='ocrx_word' id='word_1_291' title='bbox 758 2273 771 2293; x_wconf 81' lang='lat'><em>²</em></span> <span class='ocrx_word' id='word_1_292' title='bbox 906 2283 945 2313; x_wconf 87' lang='lat'><strong>13</strong></span> <span class='ocrx_word' id='word_1_293' title='bbox 968 2273 1076 2313; x_wconf 89' lang='lat' dir='ltr'><strong>volgis</strong></span> <span class='ocrx_word' id='word_1_294' title='bbox 1105 2271 1211 2312; x_wconf 89' lang='lat' dir='ltr'><strong>epulsi</strong></span> <span class='ocrx_word' id='word_1_295' title='bbox 1241 2271 1302 2302; x_wconf 88' lang='lat' dir='ltr'><strong>M:</strong></span> <span class='ocrx_word' id='word_1_296' title='bbox 1341 2270 1428 2311; x_wconf 81' lang='lat' dir='ltr'><strong>pulsi</strong></span> <span class='ocrx_word' id='word_1_297' title='bbox 1454 2269 1506 2301; x_wconf 86' lang='lat' dir='ltr'><strong>vel</strong></span> <span class='ocrx_word' id='word_1_298' title='bbox 1532 2268 1666 2310; x_wconf 85' lang='lat' dir='ltr'><strong>depulsi</strong></span> 
     </span>
     <span class='ocr_line' id='line_1_35' title="bbox 275 2316 1645 2347; baseline 0 0"><span class='ocrx_word' id='word_1_299' title='bbox 275 2317 307 2347; x_wconf 89' lang='lat' dir='ltr'><em>A</em></span> <span class='ocrx_word' id='word_1_300' title='bbox 313 2316 447 2347; x_wconf 79' lang='lat' dir='ltr'><strong>ndresen</strong></span> <span class='ocrx_word' id='word_1_301' title='bbox 1643 2331 1645 2333; x_wconf 51' lang='lat'><strong><em>¹</em></strong></span> 
     </span>
     <span class='ocr_line' id='line_1_36' title="bbox 319 2354 1662 2401; baseline -0.004 -9"><span class='ocrx_word' id='word_1_302' title='bbox 319 2366 357 2400; x_wconf 88' lang='lat'><strong>9.</strong></span> <span class='ocrx_word' id='word_1_303' title='bbox 383 2371 403 2399; x_wconf 88' lang='lat'>4</span> <span class='ocrx_word' id='word_1_304' title='bbox 427 2360 515 2391; x_wconf 88' lang='lat' dir='ltr'><strong>inter</strong></span> <span class='ocrx_word' id='word_1_305' title='bbox 530 2370 592 2391; x_wconf 90' lang='lat' dir='ltr'><strong>nos</strong></span> <span class='ocrx_word' id='word_1_306' title='bbox 609 2359 763 2401; x_wconf 80' lang='lat' dir='ltr'><strong>Agricola</strong></span> <span class='ocrx_word' id='word_1_307' title='bbox 778 2370 785 2391; x_wconf 74' lang='grc' dir='ltr'><strong><em>ε</em></strong></span> <span class='ocrx_word' id='word_1_308' title='bbox 809 2359 949 2391; x_wconf 74' lang='lat' dir='ltr'><strong>interno</strong></span> <span class='ocrx_word' id='word_1_309' title='bbox 962 2359 1010 2396; x_wconf 89' lang='lat' dir='ltr'><strong>M,</strong></span> <span class='ocrx_word' id='word_1_310' title='bbox 1025 2361 1034 2378; x_wconf 84' lang='lat'><strong><em>⁴</em></strong></span> <span class='ocrx_word' id='word_1_311' title='bbox 1045 2359 1132 2390; x_wconf 90' lang='lat' dir='ltr'><strong>civili</strong></span> <span class='ocrx_word' id='word_1_312' title='bbox 1149 2358 1198 2390; x_wconf 85' lang='lat' dir='ltr'><strong>vel</strong></span> <span class='ocrx_word' id='word_1_313' title='bbox 1211 2358 1343 2389; x_wconf 88' lang='lat' dir='ltr'><strong>interno</strong></span> <span class='ocrx_word' id='word_1_314' title='bbox 1355 2355 1507 2398; x_wconf 77' lang='lat' dir='ltr'><strong>spum&#39;um</strong></span> <span class='ocrx_word' id='word_1_315' title='bbox 1518 2354 1662 2387; x_wconf 69' lang='lat' dir='ltr'><strong>vzdetur&#39;</strong></span> 
     </span>
     <span class='ocr_line' id='line_1_37' title="bbox 275 2399 1664 2444; baseline -0.004 -8"><span class='ocrx_word' id='word_1_316' title='bbox 275 2403 410 2436; x_wconf 79' lang='lat' dir='ltr'><strong>Ernesti</strong></span> <span class='ocrx_word' id='word_1_317' title='bbox 555 2412 574 2444; x_wconf 85' lang='lat'>5</span> <span class='ocrx_word' id='word_1_318' title='bbox 600 2403 752 2435; x_wconf 87' lang='lat' dir='ltr'><strong>Orientis</strong></span> <span class='ocrx_word' id='word_1_319' title='bbox 770 2403 967 2444; x_wconf 87' lang='lat' dir='ltr'><strong>provinciae</strong></span> <span class='ocrx_word' id='word_1_320' title='bbox 986 2402 1112 2434; x_wconf 72' lang='lat' dir='ltr'><strong>Ritter:</strong></span> <span class='ocrx_word' id='word_1_321' title='bbox 1135 2400 1330 2442; x_wconf 89' lang='lat' dir='ltr'><strong>provinciae</strong></span> <span class='ocrx_word' id='word_1_322' title='bbox 1347 2400 1501 2432; x_wconf 81' lang='lat' dir='ltr'><strong>Orientis</strong></span> <span class='ocrx_word' id='word_1_323' title='bbox 1514 2399 1664 2431; x_wconf 69' lang='lat' dir='ltr'><strong>Heraeus</strong></span> 
     </span>
    </p>
   </div>
  </div>
 </body>
</html>
