1748 2826
171 138 214 184 11
237 143 296 182 66
684 143 961 185 CORNELII
991 145 1185 185 TACITI

152 256 214 296 66
399 255 582 306 Angebat
616 255 821 295 Vitellium
855 255 1044 296 victarum
1081 258 1281 308 legionum
1319 256 1629 310 haudquaquam

239 322 383 360 fractus
411 319 578 361 animus.
637 333 794 372 sparsae
823 334 893 373 per
923 320 1079 361 Italiam
1107 328 1146 361 et
1172 321 1386 374 victoribus
1414 323 1630 374 permixtae

237 384 395 425 hostilia
449 385 723 437 loquebantur,
773 384 985 438 praecipua
1040 386 1479 438 quartadecimanorum
1532 389 1630 428 fero-

237 450 309 499 cia,
340 449 410 502 qui
447 463 489 490 se
522 450 647 490 victos
679 450 931 491 abnuebant:
971 450 1119 502 quippe
1157 452 1409 492 Bedriacensi
1446 451 1531 492 acie
1567 465 1631 492 ve-

194 532 213 564 5
236 514 394 556 xillariis
417 522 571 556 tantum
597 515 718 566 pulsis
739 515 828 556 viris
855 515 1019 567 legionis
1046 529 1127 556 non
1146 516 1329 558 adfuisse.
1388 515 1534 558 remitti
1559 530 1630 558 eos

236 580 277 619 in
305 579 560 629 Britanniam,
583 581 690 620 unde
718 593 742 619 a
771 581 931 620 Nerone
960 579 1074 620 exciti
1101 589 1221 630 erant,
1252 580 1401 634 placuit
1425 588 1547 634 atque
1574 581 1631 622 in-

237 645 351 685 terim
389 645 627 685 Batavorum
665 645 837 685 cohortis
876 659 955 685 una
987 647 1150 686 tendere
1196 647 1250 688 ob
1287 653 1460 687 veterem
1495 647 1631 688 adver-

236 724 301 750 sus
328 710 698 763 quartadecimanos
731 710 981 751 discordiam.
1039 725 1114 751 nec
1145 710 1214 751 diu
1243 710 1284 751 in
1317 711 1435 751 tantis
1465 719 1630 753 armato-

235 790 321 815 rum
351 776 453 817 odiis
487 776 598 827 quies
628 775 722 815 fuit:
762 778 964 827 Augustae
1001 776 1275 825 Taurinorum,
1309 777 1406 816 dum
1444 775 1630 829 opificem

174 859 212 882 ιο
236 843 438 892 quendam
472 842 642 881 Batavus
680 848 723 880 ut
762 842 1027 881 fraudatorem
1059 840 1282 889 insectatur,
1318 840 1554 893 legionarius
1585 849 1630 882 ut

235 905 435 957 hospitem
468 913 610 954 tuetur,
644 905 704 945 sui
738 906 883 957 cuique
913 905 1204 946 commilitones
1241 905 1440 958 adgregati
1477 919 1502 946 a
1538 918 1630 946 con-

236 970 348 1011 viciis
381 972 434 1011 ad
464 972 628 1011 caedem
662 970 859 1011 transiere.
937 978 976 1011 et
1013 972 1207 1023 proelium
1241 978 1354 1012 atrox
1388 970 1560 1020 arsisset,
1588 969 1630 1010 ni

236 1038 340 1076 duae
377 1035 595 1088 praetoriae
632 1037 815 1076 cohortes
853 1049 1014 1075 causam
1047 1035 1486 1087 quartadecimanorum
1522 1048 1630 1076 secu-

237 1108 300 1141 tae
330 1100 392 1141 his
421 1100 607 1142 fiduciam
638 1107 678 1140 et
711 1108 861 1142 metum
891 1099 1049 1141 Batavis
1077 1100 1288 1142 fecissent:
1327 1114 1429 1153 quos
1447 1099 1629 1141 Vitellius

176 1181 213 1215 15
236 1166 384 1218 agmini
413 1180 486 1206 suo
508 1165 618 1218 iungi
646 1172 690 1205 ut
718 1167 834 1215 fidos,
856 1165 1053 1217 legionem
1080 1165 1193 1206 Grais
1213 1166 1383 1217 Alpibus
1408 1166 1628 1207 traductam

237 1245 286 1271 eo
315 1233 418 1272 flexu
446 1230 594 1270 itineris
626 1230 680 1270 ire
711 1230 820 1271 iubet
840 1244 921 1283 quo
941 1230 1138 1271 Viennam
1159 1230 1350 1280 vitarent;
1386 1244 1561 1282 namque
1590 1236 1629 1270 et

235 1295 483 1336 Viennenses
514 1295 765 1336 timebantur.
822 1303 951 1344 nocte,
974 1309 1053 1347 qua
1081 1295 1403 1348 proficiscebatur
1432 1295 1546 1347 legio,
1575 1308 1630 1335 re-

236 1360 337 1400 lictis
369 1360 516 1412 passim
547 1361 703 1412 ignibus
735 1374 823 1412 pars
855 1360 1052 1400 Taurinae
1082 1360 1263 1400 coloniae
1291 1361 1486 1410 ambusta,
1519 1360 1629 1412 quod

236 1426 440 1474 damnum,
473 1433 517 1465 ut
549 1428 737 1478 pleraque
766 1425 861 1466 belli
891 1426 1006 1474 mala,
1033 1424 1247 1465 maioribus
1276 1424 1441 1465 aliarum
1470 1424 1628 1466 urbium

174 1506 216 1530 20
236 1490 416 1531 cladibus
463 1491 742 1531 oblitteratum.
818 1489 1155 1542 quartadecimani
1200 1497 1413 1541 postquam
1459 1488 1629 1541 Alpibus

236 1555 409 1607 degressi
446 1562 548 1605 sunt,
587 1555 907 1597 seditiosissimus
945 1556 1114 1606 quisque
1157 1553 1269 1606 signa
1298 1555 1499 1596 Viennam
1534 1554 1629 1595 fere-

235 1621 355 1663 bant:
399 1633 596 1661 consensu
633 1621 841 1661 meliorum
871 1619 1074 1672 conpressi
1105 1625 1146 1660 et
1177 1620 1280 1672 legio
1311 1618 1353 1660 in
1384 1619 1628 1660 Britanniam

236 1692 467 1726 transvecta.

160 1754 215 1803 67
399 1750 604 1791 Proximus
634 1750 796 1791 Vitellio
825 1764 847 1790 e
875 1749 1078 1802 praetoriis
1111 1748 1342 1790 cohortibus
1375 1755 1506 1792 metus
1533 1756 1627 1791 erat.

237 1815 404 1868 separati
424 1815 606 1868 primum,
629 1815 776 1856 deinde
798 1815 937 1856 addito
963 1816 1155 1855 honestae
1179 1814 1378 1855 missionis
1397 1814 1628 1864 lenimento,

236 1895 345 1922 arma
374 1883 426 1921 ad
459 1880 638 1922 tribunos
676 1894 768 1920 suos
799 1880 1041 1929 deferebant,
1076 1881 1207 1920 donec
1243 1886 1397 1919 motum
1428 1893 1454 1920 a
1481 1881 1630 1931 Vespa-

237 1945 348 1986 siano
379 1946 528 1986 bellum
563 1947 849 1987 crebresceret:
880 1953 967 1987 tum
996 1952 1196 1997 resumpta
1227 1944 1365 1985 militia
1394 1944 1517 1985 robur
1544 1945 1630 1985 Fla-

195 2026 215 2060 5
237 2009 439 2051 vianarum
469 2011 639 2063 partium
671 2013 788 2052 fuere.
847 2012 972 2063 prima
1003 2009 1254 2050 classicorum
1284 2009 1387 2061 legio
1416 2009 1458 2050 in
1484 2010 1631 2061 Hispa-

235 2076 343 2116 niam
374 2075 494 2116 missa
523 2084 566 2117 ut
597 2090 694 2128 pace
725 2084 764 2119 et
794 2076 877 2116 otio
902 2076 1136 2125 mitesceret,
1156 2074 1368 2115 undecima
1389 2088 1437 2115 ac
1461 2074 1629 2127 septima

235 2141 314 2179 suis
353 2138 527 2180 hibernis
565 2140 753 2189 redditae,
794 2139 1107 2181 tertiadecimani
1151 2147 1298 2180 struere
1339 2139 1629 2191 amphitheatra

278 2242 342 2276 66.
367 2254 390 2285 9
412 2249 532 2284 agusta
548 2243 598 2284 M,
616 2255 637 2276 u
654 2251 809 2287 super-sen
830 2244 886 2277 M1
1068 2254 1108 2276 12
1137 2244 1321 2277 exarsisset
1337 2243 1502 2286 Agricola,
1517 2242 1628 2276 Halm

237 2296 276 2328 15
299 2291 375 2328 grat
391 2288 543 2328 salpibus
558 2287 601 2318 M
703 2299 740 2328 17
767 2288 1071 2330 proficiscebantur
1084 2287 1132 2330 M,
1152 2298 1231 2321 corr.
1248 2287 1305 2319 Ml
1410 2289 1451 2320 18
1473 2287 1628 2320 coloniae

235 2331 518 2407 §gilstuffilffibus
534 2331 576 2362 M
714 2342 753 2363 21
779 2332 932 2373 degressi
949 2332 1111 2365 Pichena:
1137 2331 1281 2372 digressi
1296 2327 1340 2362 Μ
1478 2341 1522 2362 22
1545 2341 1642 2391 con--

280 2416 339 2459 67.
366 2428 384 2459 7
408 2418 706 2451 tertiamdecimam
724 2441 732 2450 .
752 2441 761 2451 .
779 2442 788 2452 .
819 2419 917 2451 iussit
935 2419 978 2451 al.
