1748 2826
212 138 271 177 IV
292 139 344 187 83
739 143 1016 183 CORNELII
1046 146 1242 185 TACITI

249 267 267 300 5
289 265 357 302 per
385 252 559 303 quietem
589 255 734 294 decore
767 255 911 294 eximio
945 263 983 294 et
1014 256 1162 295 maiore
1194 270 1313 307 quam
1347 259 1522 298 humana
1552 259 1684 311 specie

287 317 480 365 iuvenem,
503 318 572 368 qui
599 327 780 359 moneret
803 327 846 358 ut
873 319 1072 359 fidissimis
1099 322 1316 361 amicorum
1340 322 1380 361 in
1403 325 1575 363 Pontum
1595 324 1684 368 misf

286 381 338 420 sis
369 382 536 433 effigiem
571 397 682 422 suam
716 384 887 433 acciret,-
925 386 1073 424 laetum
1112 385 1154 425 id
1186 399 1307 437 regno
1345 400 1612 440 magnamque
1643 397 1683 429 et

284 445 474 486 inclutam
508 449 644 487 sedem
673 450 757 489 fore
785 462 888 500 quae
917 450 1162 502 excepisset:
1202 451 1319 490 simul
1347 451 1475 492 visum
1508 455 1683 494 eundem

284 510 469 551 iuvenem
498 512 540 551 in
568 514 723 552 caelum
752 513 842 565 igne
873 514 1044 565 plurimo
1071 515 1208 554 attolli.
1267 517 1520 557 Ptolemaeus
1546 517 1682 559 omine

225 587 265 610 10
284 583 323 615 et
361 576 549 617 miraculo
588 578 736 617 excitus
775 579 1046 618 sacerdotibus
1079 580 1374 631 Aegyptiorum,
1410 581 1556 633 quibus
1593 596 1681 624 mos

283 640 375 680 talia
402 640 638 693 intellegere,
670 650 886 683 nocturnos
915 645 1020 683 visus
1049 644 1185 695 aperit.
1242 652 1361 696 atque
1389 645 1466 686 illis
1495 647 1614 687 Ponti
1640 656 1681 689 et

283 712 532 745 externorum
561 721 701 758 parum
735 707 876 759 gnaris,
908 710 1167 748 Timotheum
1196 710 1484 751 Atheniensem
1511 724 1536 752 e
1561 720 1680 764 gente

284 771 623 821 Eumolpidarum,
654 786 774 823 quem
808 780 851 813 ut
884 773 1100 813 antistitem
1133 774 1462 815 caerimoniarum
1491 776 1679 818 Eleusine

281 836 485 884 exciverat,
518 850 714 887 quaenam
749 839 814 877 illa
847 839 1084 889 superstitio,
1117 841 1227 890 quod
1259 853 1425 890 numen,
1452 841 1675 892 interrogat.

225 913 262 945 15
282 900 517 940 Timotheus
546 901 732 952 quaesitis
766 902 835 953 qui
869 902 911 941 in
944 904 1118 943 Pontum
1147 911 1356 951 meassent,
1387 904 1678 956 cognoscitur-

281 964 374 1003 bem
402 965 480 1004 illic
509 965 695 1017 Sinopen,
728 980 803 1006 nec
838 969 975 1018 procul
1010 969 1202 1018 templum
1232 975 1362 1008 vetere
1389 969 1492 1010 inter
1518 971 1676 1011 accolas

281 1030 384 1067 sama
423 1031 529 1069 Iovis
569 1031 696 1070 Ditis:
735 1045 908 1082 namque
946 1039 985 1072 et
1018 1033 1252 1072 muliebrem
1286 1032 1455 1084 effigiem
1487 1035 1676 1076 adsistere

280 1106 400 1143 quarn
427 1095 603 1145 plerique
629 1097 905 1146 Proserpinam
925 1105 1079 1136 vocent.
1139 1098 1209 1137 sed
1236 1099 1497 1147 Ptolemaeus,
1520 1106 1564 1139 ut
1583 1107 1676 1140 sunt

279 1158 436 1207 ingenia
468 1172 616 1209 regum,
651 1174 798 1210 pronus
837 1162 889 1201 ad
928 1163 1191 1210 formidinem,
1223 1161 1291 1201 ubi
1322 1164 1508 1203 securitas
1546 1164 1671 1213 rediit,

218 1240 261 1263 20
279 1223 524 1272 voluptatum
567 1237 687 1274 quam
734 1225 967 1276 religionum
1010 1228 1201 1277 adpetens
1240 1228 1446 1278 neglegere
1482 1228 1672 1279 paulatim

277 1286 453 1338 aliasque
480 1289 532 1327 ad
561 1301 673 1328 curas
702 1289 879 1328 animum
903 1297 1062 1338 vertere,
1094 1292 1223 1330 donec
1252 1291 1393 1330 eadem
1422 1282 1573 1342 species
1601 1299 1674 1332 ter—

276 1350 425 1390 ribilior
454 1351 532 1390 iam
566 1359 606 1391 et
635 1352 842 1393 instantior
873 1354 1033 1393 exitium
1068 1354 1142 1405 ipsi
1180 1368 1381 1405 regnoque
1419 1356 1671 1396 denuntiaret

276 1415 317 1454 ni
337 1415 441 1454 iussa
459 1424 714 1467 patrarentur.
773 1426 858 1457 tum
878 1420 1026 1469 legatos
1051 1426 1090 1458 et
1115 1420 1222 1458 dona
1246 1419 1566 1469 Scydrothemidi
1590 1419 1671 1471 regi

276 1479 327 1530 (is
358 1486 453 1519 tunc
491 1480 778 1531 Sinopensibus
810 1482 1075 1534 imperitabat)
1106 1481 1280 1534 expediri
1312 1481 1424 1523 iubet
1455 1483 1670 1535 praecepit-

215 1563 255 1596 25
275 1556 354 1594 que
374 1544 608 1596 navigaturis
629 1553 673 1585 ut
692 1546 903 1597 Pythicum
923 1547 1150 1598 Apollinem
1175 1548 1332 1588 adeant.
1390 1545 1467 1587 illis
1485 1560 1594 1588 mare
1612 1560 1671 1588 se-

274 1610 462 1657 cundum,
497 1623 579 1649 sors
618 1610 766 1649 oraculi
803 1611 911 1650 haud
948 1611 1157 1662 ambigua:
1196 1611 1297 1651 irent
1334 1610 1669 1664 simulacrumque

273 1673 392 1724 patris
413 1673 473 1713 sui
493 1675 735 1723 reveherent,
755 1675 898 1715 sororis
919 1677 1196 1726 relinquerent.

200 1742 254 1790 84
434 1740 489 1778 Vt
535 1739 709 1791 Sinopen
748 1753 901 1788 venere,
948 1754 1112 1780 munera
1152 1754 1287 1792 preces
1334 1742 1521 1781 mandata
1566 1741 1666 1793 regis

273 1805 333 1842 sui
353 1805 671 1854 Scydrothemidi
694 1806 889 1857 adlegant.
949 1805 1017 1856 qui
1036 1807 1213 1845 diversus
1232 1805 1353 1859 animi
1373 1807 1496 1846 modo
1515 1818 1664 1846 numen

272 1882 491 1918 pavescere,
524 1871 646 1909 modo
675 1869 791 1909 minis
819 1870 1062 1909 adversantis
1091 1868 1228 1920 populi
1257 1868 1389 1909 terreri
1403 1884 1415 1918 3
1452 1870 1572 1921 saepe
1597 1870 1665 1909 do-

272 1933 332 1972 nis
352 1933 633 1984 promissisque
653 1936 871 1984 legatorum
891 1935 1131 1974 flectebatur.
1180 1941 1299 1984 atque
1319 1933 1475 1973 interim
1495 1933 1664 1974 triennio

233 2011 250 2043 5
271 2005 409 2038 exacto
439 2001 690 2039 Ptolemaeus
718 2013 801 2039 non
827 2000 1014 2048 studium,
1038 2013 1119 2039 non
1143 2012 1279 2050 preces
1307 1998 1512 2038 omittere:
1541 1998 1664 2050 digni-

271 2071 391 2103 tatem
430 2066 657 2115 legatorum,
697 2078 907 2104 numerum
948 2066 1119 2112 navium,
1158 2065 1242 2103 auri
1283 2064 1441 2114 pondus
1477 2063 1663 2114 augebat.=

273 2189 313 2209 10
335 2177 496 2210 miracula
513 2178 556 2209 M
642 2188 679 2209 12
703 2179 775 2218 pari
792 2179 838 2217 M
857 2189 936 2210 corr.
958 2177 1015 2209 M1
1084 2173 1086 2175 ’
1107 2188 1146 2218 13
1171 2177 1331 2208 Eleusine
1347 2176 1375 2209 I.
1395 2177 1434 2209 F.
1452 2177 1660 2209 Gronovius:

270 2222 410 2252 eleusim
428 2221 471 2252 M
626 2223 665 2252 18
691 2222 881 2261 ptolomeus
896 2221 946 2261 M,
963 2222 1038 2253 item
1056 2231 1082 2252 c.
1099 2222 1152 2260 84.
1170 2230 1199 2260 5,
1222 2231 1271 2262 10,
1293 2231 1344 2261 19,
1364 2231 1407 2252 20
1455 2236 1457 2238 >
1518 2221 1605 2262 utlut
1620 2220 1663 2251 M

268 2273 307 2294 21
331 2264 487 2306 verteret1
507 2264 555 2305 M,
576 2275 655 2297 corr.
673 2264 731 2295 Ml
852 2265 985 2303 eadem]
1006 2264 1143 2295 caedem
1161 2263 1205 2295 M
1344 2274 1387 2304 23
1410 2262 1663 2304 paterentur-M

270 2317 311 2346 24
335 2309 567 2348 praecipitque
584 2307 656 2346 det„
675 2308 775 2349 vulgo
863 2317 904 2347 25
930 2307 1088 2347 Pythium
1104 2306 1178 2346 det„
1194 2305 1373 2348 szpei‘dey
1481 2316 1522 2346 27
1545 2303 1663 2346 patrui'

268 2351 581 2435 εονιὸιᾷῗῖἕνζῖέἔειῃῐ
597 2393 644 2435 M,
664 2393 675 2424 l
690 2398 845 2434 superscr.
865 2393 907 2424 M
910 2393 924 2413 ²
1055 2393 1208 2424 diversus
1223 2392 1448 2424 Puteolanus:
1470 2396 1591 2424 versus
1603 2390 1652 2432 M,

268 2435 446 2478 Nipperdey

1716 2749 1748 2826 {5312
