1748 2826
458 151 868 194 HISTORIARVM
898 151 1073 191 LIBER
1101 150 1144 190 ΙΙ
1462 148 1580 196 1144

102 269 280 318 ctoriam,
309 269 426 323 pulso
459 266 604 320 equite,
637 272 749 317 rapta
782 264 948 317 legionis
977 263 1134 315 aquila3
1172 276 1377 315 superesse
1415 275 1507 302 curn

102 335 191 390 ipso
209 327 374 377 Othone
402 333 574 374 militum
602 332 714 384 quod
743 338 849 371 trans
879 331 1034 370 Padum
1062 328 1188 378 fuerit,
1209 328 1342 370 venire
1363 326 1510 368 Moesi·
1530 342 1570 365 20

101 414 172 444 cas
197 399 386 453 legiones,
415 412 603 451 magnam
631 396 824 438 exercitus
853 403 1007 448 partem
1038 394 1222 436 Bedriaci
1250 393 1510 435 remansisse:

101 467 178 508 hos
210 473 317 507 certe
345 465 531 506 nondum
559 463 687 506 victos
720 470 774 513 et,
804 461 838 502 si
868 462 923 502 ita
953 463 1082 511 ferret,
1112 460 1319 501 honestius
1353 459 1394 502 in
1424 459 1511 502 acie

101 531 309 587 petiturOS.
364 530 428 572 his
461 528 770 582 cogitationibus
804 536 933 568 truces
971 534 1040 568 aut
1077 526 1212 579 pavidi
1243 534 1417 567 extrema
1446 527 1512 567 de-

103 597 330 652 speratione
364 597 419 638 ad
459 595 558 637 iram
603 594 761 647 saepius
799 607 921 647 quam
957 593 1000 634 in
1042 592 1297 635 formidinem
1338 592 1512 634 stimula-

102 663 258 705 bantur.
1532 667 1572 701 25

264 730 321 770 At
357 726 596 768 Vitellianus
635 726 828 766 exercitus
866 727 919 767 ad
952 725 1138 777 quintum
1175 739 1199 766 a
1234 724 1429 765 Bedriaco
1460 725 1512 764 la·
1528 729 1583 770 45

102 795 241 848 pidem
259 793 455 843 consedit,
477 807 562 834 non
589 791 695 832 ausis
721 791 892 833 ducibus
913 793 1055 832 eadem
1082 791 1148 832 die
1167 790 1512 844 obpugnationem

102 868 322 902 castrorum
336 875 349 910 ς
386 859 505 900 simul
538 857 760 899 voluntaria
788 857 942 900 deditio
971 858 1224 910 sperabatur:
1255 858 1327 898 sed
1355 856 1512 909 expedi-

103 928 153 968 tis
181 934 221 968 et
249 933 406 967 tantum
431 926 484 966 ad
514 924 710 977 proelium
741 924 906 976 egressis
935 923 1232 964 munimentum
1261 925 1370 964 fuere
1402 937 1513 962 arma

103 1000 144 1037 et
175 991 351 1033 victoria.
408 997 568 1044 postera
599 989 668 1031 die
703 990 814 1031 haud
850 989 1038 1042 ambigua
1068 989 1289 1030 Othoniani
1320 988 1513 1029 exercitus
1535 1001 1553 1035 5

103 1045 309 1099 voluntate
345 1064 386 1097 et
423 1055 493 1108 qui
537 1054 751 1097 ferociores
794 1057 950 1096 fuerant
991 1056 1044 1096 ad
1081 1054 1367 1107 paenitentiam
1406 1054 1515 1094 incli-

104 1123 294 1170 nantibus
323 1122 444 1163 missa
472 1121 619 1174 legatio
632 1136 645 1172 ς
681 1135 757 1163 nec
784 1123 894 1174 apud
922 1123 1046 1162 duces
1084 1120 1322 1162 Vitellianos
1360 1120 1516 1162 dubita-

104 1197 192 1232 tum
216 1202 300 1242 quo
325 1188 457 1228 minus
482 1200 626 1240 pacem
646 1188 925 1228 concederent.
984 1186 1101 1239 legati
1121 1187 1322 1240 paulisper
1347 1186 1515 1227 retenti:

103 1269 152 1296 ea
186 1267 249 1296 res
286 1252 593 1295 haesitationem
630 1253 762 1294 attulit
794 1253 938 1305 ignaris
971 1254 1105 1293 adhuc
1138 1266 1190 1293 an
1223 1252 1512 1305 impetrassent.

103 1333 198 1361 mox
226 1318 391 1360 remissa
422 1318 622 1371 legatione
653 1318 782 1373 patuit
811 1320 968 1359 vallum.
1028 1326 1115 1359 tum
1143 1318 1236 1359 victi
1266 1318 1516 1371 victoresque
1538 1332 1578 1355 10

102 1384 147 1428 in
177 1384 359 1427 lacrimas
397 1384 525 1434 effusi,
559 1391 708 1426 sortem
742 1383 919 1426 civilium
951 1398 1153 1426 armorum
1187 1385 1331 1427 misera
1368 1384 1516 1426 laetitia

103 1450 374 1500 detestantes3
412 1449 543 1491 isdem
576 1449 757 1491 tentoriis
790 1450 856 1490 alii
890 1452 1064 1500 fratrum,
1097 1450 1164 1490 alii
1198 1450 1516 1504 propinquorum

102 1516 267 1557 vulnera
294 1515 510 1557 fovebant:
542 1529 635 1568 spes
664 1523 704 1562 et
732 1516 910 1569 praemia
938 1516 979 1557 in
1008 1516 1210 1569 ambiguo,
1242 1525 1349 1558 certa
1377 1518 1516 1557 funera

104 1588 145 1624 et
180 1582 323 1630 luctus,
343 1595 421 1622 nec
453 1581 667 1634 quisquam
704 1583 808 1623 adeo
846 1582 940 1622 mali
979 1596 1118 1635 expers
1152 1590 1195 1622 ut
1230 1597 1312 1623 non
1339 1582 1515 1635 aliquam

104 1653 276 1690 mortem
308 1654 512 1689 maereret.
570 1646 806 1700 requisitum
840 1648 984 1689 Orfidii
1018 1647 1135 1700 legati
1176 1662 1320 1701 corpus
1361 1650 1515 1689 honore
1538 1662 1578 1696 15

105 1711 224 1754 solito
260 1718 457 1753 crematur
469 1727 482 1762 5
518 1725 669 1765 paucos
707 1713 919 1754 necessarii
948 1713 1126 1766 ipsorum
1155 1714 1386 1767 sepelivere,
1414 1721 1516 1754 cete-

105 1791 194 1820 rum
212 1779 354 1831 vulgus
373 1791 492 1831 super
510 1779 680 1819 humum
700 1778 893 1819 relictum.

268 1842 563 1898 Opperiebatur
600 1845 712 1885 Otho
749 1844 936 1884 nuntium
974 1859 1131 1898 pugnae
1160 1859 1416 1898 nequaquam
1446 1852 1517 1885 tre·
1536 1845 1594 1896 46

105 1908 224 1963 pidus
252 1917 293 1952 et
320 1908 477 1953 consilii
505 1916 646 1951 certus.
706 1917 858 1951 maesta
883 1910 1056 1962 primum
1090 1913 1206 1961 fama,
1238 1911 1333 1952 dein
1362 1910 1518 1964 profugi

106 1988 133 2019 e
161 1975 316 2029 proelio
346 1975 521 2029 perditas
559 1989 621 2017 res
659 1975 914 2029 patefaciunt.
973 1991 1056 2019 non
1090 1977 1312 2031 expectavit
1346 1978 1517 2019 militum

105 2042 224 2083 ardor
245 2055 388 2084 vocem
413 2041 661 2096 imperatoris
675 2057 687 2092 ς
716 2042 869 2083 bonum
897 2043 1062 2084 haberet
1090 2043 1268 2084 animum
1298 2043 1517 2085 iubebant:

107 2116 315 2160 superesse
345 2108 482 2150 adhuc
514 2121 638 2150 novas
667 2107 769 2157 viris,
802 2116 841 2149 et
878 2108 986 2162 ipsos
1025 2117 1200 2151 extrema
1237 2124 1423 2162 passuros
1451 2125 1518 2151 au·
1539 2127 1558 2160 5

107 2185 314 2226 surosque.
371 2186 505 2226 neque
542 2180 626 2215 erat
663 2174 865 2233 adulatio:
906 2176 961 2217 ire
990 2174 1030 2216 in
1062 2176 1201 2226 aciem,
1236 2177 1405 2218 excitare
1434 2191 1519 2230 par-

107 2236 209 2279 tium
242 2239 444 2280 fortunam
478 2240 609 2280 furore
647 2241 826 2292 quodam
859 2247 899 2282 et
937 2240 1127 2287 instinctu
1159 2242 1389 2295 flagrabant.
1449 2242 1518 2295 qui

107 2304 247 2359 procul
284 2303 530 2357 adstiterant,
571 2304 735 2347 tendere
774 2320 927 2357 manus,
960 2314 1001 2349 et
1038 2307 1207 2361 proximi
1241 2321 1428 2362 prensare
1456 2322 1520 2360 ge-

152 2412 219 2487 43.
241 2418 264 2451 5
287 2406 441 2443 exercitu
454 2409 497 2442 M
583 2419 603 2452 7
627 2409 751 2452 legatio
767 2423 832 2464 nec
848 2414 939 2455 apud
950 2413 1117 2447 Pichena:
1141 2413 1322 2455 legatione.
1356 2414 1467 2455 capud
1480 2412 1524 2445 M

153 2459 181 2497 4
211 2476 221 2488 .
249 2464 268 2497 7
291 2454 483 2497 fraglabant
498 2451 544 2488 Μ
715 2458 738 2490 8
760 2462 940 2490 astiterant
955 2458 998 2491 M
1121 2463 1156 2491 et
1174 2458 1235 2492 del.
1255 2458 1432 2534 Spengeg*
