1748 2826
474 137 883 179 HISTORIARVM
917 139 1090 177 LIBER
1119 139 1157 176 V
1492 139 1578 186 V9

115 252 242 294 victor
263 255 468 305 Augustus
491 253 608 292 auxit.
668 258 760 303 post
785 259 955 291 mortem
985 251 1177 300 Herodis,
1200 251 1297 290 nihil
1324 256 1531 302 expectato

115 319 298 367 Caesare,
329 318 441 360 Simo
469 317 635 370 quidam
663 318 816 369 regium
848 330 997 357 nomen
1029 316 1234 357 invaserat.
1294 316 1327 356 is
1354 329 1379 356 a
1406 317 1530 367 Quin-
1553 329 1590 351 10

115 382 200 424 tilio
221 383 330 423 Varo
355 382 564 424 obtinente
596 382 747 433 Syriam
784 382 959 434 punitus,
990 390 1030 422 et
1056 390 1217 434 gentem
1247 383 1461 422 coercitam
1488 380 1530 421 li-

114 447 200 489 beri
226 447 404 489 Herodis
429 447 624 500 tripertito
648 461 793 488 rexere.
845 449 921 488 sub
949 448 1115 488 Tiberio
1141 449 1265 500 quies.
1313 447 1407 487 dein
1435 446 1529 487 iussi

112 524 139 553 a
175 514 222 554 C.
263 513 435 555 Caesare
473 515 643 566 effigiem
683 515 769 554 eius
808 514 849 554 in
889 515 1041 566 templo
1080 515 1211 554 locare
1249 526 1359 553 arma
1395 514 1528 565 potius

114 591 331 631 sumpsere,
367 592 488 632 quern
529 587 684 620 motum
724 579 906 621 Caesaris
945 593 1052 620 mors
1091 579 1260 620 diremit.
1321 579 1524 627 Claudius,

113 644 316 685 defunctis
339 644 498 697 regibus
526 653 596 686 aut
623 647 678 687 ad
706 646 913 687 modicum
940 647 1123 694 redactis,
1152 646 1345 685 Iudaeam
1373 644 1528 696 provin—
1549 657 1587 691 15

112 709 217 749 ciam
248 710 451 763 equitibus
483 713 680 752 Romanis
712 720 781 752 aut
813 711 963 752 libertis
995 711 1186 765 permisit,
1216 723 1241 752 e
1271 710 1418 763 quibus
1444 713 1527 751 An-

114 777 248 817 tonius
283 777 394 818 Felix
424 790 495 830 per
525 791 689 819 ornnem
721 777 926 819 saevitiam
960 791 1008 818 ac
1042 777 1251 819 libidinem
1282 778 1344 817 ius
1375 779 1527 830 regium

114 842 246 884 servili
273 842 435 897 ingenio
465 846 650 895 exercuit,
684 847 859 886 Drusilla
884 846 1122 897 Cleopatrae
1146 852 1186 885 et
1208 844 1378 885 Antonii
1408 852 1530 896 nepte

113 906 156 948 in
183 909 483 951 matrimonium
508 918 685 964 accepta,
708 919 752 951 ut
779 911 961 952 eiusdem
989 910 1158 951 Antonii
1182 911 1295 951 Felix
1320 923 1526 963 progener,

113 975 308 1017 Claudius
328 988 455 1029 nepos
475 984 590 1018 esset.
1550 989 1591 1012 20

278 1043 445 1083 Duravit
483 1050 617 1084 tamen
651 1043 843 1096 patientia
883 1045 1044 1084 Iudaeis
1083 1057 1210 1096 usque
1248 1044 1300 1084 ad
1338 1041 1528 1084 Gessium
1550 1049 1597 1079 10

114 1108 278 1148 Florum
303 1116 601 1160 procuratorem
621 1124 629 1149 ε
659 1110 734 1150 sub
755 1123 806 1150 eo
830 1108 982 1150 bellum
1002 1116 1147 1149 ortum.
1204 1118 1244 1150 et
1264 1109 1528 1162 comprimere

112 1181 370 1226 coeptantem
400 1174 582 1217 Cestium
611 1175 774 1216 Gallum
804 1175 939 1228 Syriae
966 1176 1142 1228 legatum
1169 1175 1277 1216 varia
1303 1174 1455 1228 proelia
1478 1187 1528 1215 ac

113 1239 272 1292 saepius
309 1241 476 1281 adversa
514 1255 718 1294 excepere.
774 1241 845 1294 qui
882 1241 953 1282 ubi
986 1243 1068 1282 fato
1097 1249 1167 1282 aut
1198 1239 1332 1282 taedio
1365 1241 1525 1290 occidit,

113 1305 237 1346 missu
271 1304 446 1347 Neronis
479 1306 751 1359 Vespasianus
785 1308 945 1347 fortuna
975 1308 1161 1359 famaque
1191 1314 1231 1347 et
1265 1307 1430 1359 egregiis
1458 1306 1528 1348 mi-
1545 1320 1565 1354 5

113 1370 246 1412 nistris
274 1372 377 1412 intra
404 1373 506 1413 duas
532 1380 706 1414 aestates
733 1381 880 1414 cuncta
908 1387 1141 1426 camporum
1175 1372 1388 1425 omnisque
1420 1386 1528 1426 prae-

112 1445 174 1478 ter
213 1437 499 1490 Hierosolyma
536 1437 647 1479 urbis
688 1438 838 1480 victore
880 1439 1052 1480 exercitu
1092 1439 1265 1480 tenebat.
1324 1438 1528 1491 proximus

111 1516 242 1543 annus
279 1500 383 1544 civili
416 1505 526 1545 bello
556 1503 734 1546 intentus
765 1513 962 1558 quantum
995 1507 1048 1546 ad
1082 1506 1256 1546 Iudaeos
1293 1519 1364 1557 per
1401 1506 1528 1545 otium

112 1567 277 1609 transiit.
336 1583 436 1621 pace
467 1584 540 1623 per
573 1570 732 1611 Italiam
766 1579 878 1623 parta
912 1579 951 1612 et
984 1578 1169 1612 externae
1203 1584 1321 1611 curae
1352 1569 1528 1611 rediere:

111 1635 286 1687 augebat
314 1633 392 1676 iras
418 1637 532 1688 quod
560 1637 636 1676 soli
666 1636 808 1677 Iudaei
838 1651 922 1677 non
950 1636 1185 1687 cessissent;
1216 1637 1334 1676 simul
1366 1649 1530 1677 manere
1551 1649 1593 1673 10

111 1702 222 1754 apud
249 1701 443 1742 exercitus
471 1702 610 1743 Titum
637 1704 691 1744 ad
719 1703 851 1744 omnis
879 1702 1123 1756 principatus
1151 1702 1246 1743 novi
1273 1710 1441 1743 eventus
1467 1716 1528 1743 ca-

112 1781 230 1808 susve
248 1767 345 1809 utile
364 1768 584 1811 videbatur.

277 1833 405 1887 Igitur
441 1835 589 1885 castris,
629 1835 688 1876 uti
728 1835 913 1886 diximus,
961 1844 1054 1876 ante
1095 1836 1256 1877 moenia
1299 1837 1526 1888 Hierosoly·
1549 1845 1588 1874 11

114 1914 274 1942 morum
293 1900 433 1953 positis
454 1901 666 1942 instructas
685 1902 862 1955 legiones
884 1903 1097 1943 ostentavit
1116 1918 1124 1944 :
1154 1902 1295 1943 Iudaei
1319 1903 1395 1942 sub
1422 1901 1529 1954 ipsos

114 1979 250 2007 muros
283 1974 460 2007 struxere
492 1967 635 2017 aciem,
668 1967 788 2008 rebus
828 1968 1016 2009 secundis
1055 1966 1210 2020 longius
1245 1968 1377 2009 ausuri
1410 1976 1461 2017 et,
1496 1968 1529 2008 si

113 2032 364 2084 pellerentur,
396 2039 535 2086 parato
563 2034 757 2087 perfugio.
814 2033 960 2075 missus
982 2034 1025 2074 in
1049 2047 1119 2075 eos
1148 2048 1271 2087 eques
1297 2049 1391 2075 cum
1412 2024 1529 2087 expe·

117 2147 159 2170 ιο
182 2138 278 2170 Simo
294 2137 448 2172 Ernesti:
474 2139 585 2171 simon
602 2139 645 2172 M
777 2142 818 2174 16
842 2141 1024 2183 Romanis]
1042 2141 1101 2175 .R.
1118 2141 1162 2174 M
1272 2152 1310 2183 17
1334 2152 1398 2184 per
1413 2141 1527 2174 omnia

115 2182 165 2223 M,
184 2193 266 2215 corr.
285 2183 321 2214 in
333 2186 423 2214 textu
441 2186 471 2215 et
487 2183 525 2214 in
543 2185 695 2226 margine
709 2183 767 2217 M1
906 2196 945 2226 19
968 2186 1193 2223 maltrimonia
1209 2192 1331 2228 acepta
1347 2187 1391 2218 M

159 2233 214 2259 10.
241 2237 262 2258 2
285 2225 377 2259 bellu
392 2231 468 2259 ortu
484 2227 534 2267 M,
556 2239 636 2261 corr.
654 2228 712 2260 M²
845 2241 865 2270 3
891 2235 1145 2272 recaeptantem
1162 2231 1212 2271 M,
1231 2242 1311 2263 corr.
1331 2231 1372 2262 Μ
1376 2230 1389 2251 ¹
1506 2241 1525 2269 4

113 2269 275 2312 excipere
290 2270 335 2303 M
462 2272 485 2302 6
507 2271 598 2304 intra
613 2272 821 2306 Rhenanus:
844 2275 936 2307 inter
951 2275 995 2307 M
1140 2287 1158 2317 7
1182 2276 1449 2316 hierosolymam
1468 2274 1509 2305 M
1512 2273 1525 2294 ²

113 2324 136 2355 9
158 2319 256 2355 parta
271 2314 332 2349 det.
347 2324 356 2347 ε
379 2319 500 2357 parata
516 2315 559 2347 M
655 2322 690 2350 et
706 2316 764 2350 del.
784 2318 960 2351 Acidalius
1062 2321 1173 2352 redire
1188 2320 1233 2352 M
1387 2329 1427 2351 10
1450 2329 1524 2351 ces-

114 2363 250 2390 sessent
266 2359 318 2398 M,
335 2369 416 2392 corr.
432 2357 491 2391 Ml
628 2371 667 2393 12
692 2361 766 2393 utili
782 2361 832 2402 M,
851 2373 868 2394 s
883 2363 961 2400 add.
981 2362 1038 2396 M¹
1053 2375 1060 2396 ε
1086 2364 1205 2397 utilius
1220 2363 1365 2397 Pie-hena

157 2409 202 2435 11.
226 2412 248 2434 a
270 2402 345 2443 ipso
361 2413 458 2436 muro
478 2401 627 2447 Wagner
757 2416 778 2446 3
800 2406 893 2439 acies
908 2407 957 2447 M,
977 2418 1058 2442 corr.
1075 2407 1132 2440 Μ1
