1748 2826
210 142 230 179 Ι
249 149 300 188 52
730 141 967 181 ORNELII
997 141 1193 181 TACITI

246 250 298 288 ris
324 248 440 300 legati
467 261 650 288 mensura
680 250 751 288 sed
781 250 821 288 in
851 249 977 288 maius
1006 249 1142 289 omnia
1169 250 1476 301 accipiebantur.
1534 258 1573 291 et
1599 257 1646 291 ut

246 314 429 353 Vitellius
457 315 565 364 apud
599 326 754 352 severos
789 313 959 360 humilis,
992 313 1046 353 ita
1078 314 1307 354 comitatem
1340 315 1642 368 bonitatemque

246 380 421 418 faventes
448 378 653 426 vocabant,
676 379 786 428 quod
813 377 897 417 sine
924 379 1058 426 modo,
1079 378 1164 418 sine
1190 378 1338 419 iudicio
1364 381 1531 420 donaret
1557 393 1638 430 sua,

152 468 154 470 -
188 457 227 479 10
244 444 445 493 largiretur
481 442 609 482 aliena
622 456 633 491 3
673 441 789 481 simul
819 442 1005 482 aviditate
1043 442 1294 494 imperitandi
1327 443 1414 494 ipsa
1444 444 1536 485 vitia
1568 458 1641 496 pro

244 506 452 546 virtutibus
487 507 851 557 interpretabantur.
911 506 1023 545 multi
1057 506 1099 546 in
1132 515 1301 559 utroque
1334 509 1507 549 exercitu
1539 509 1640 550 sicut

245 571 415 611 modesti
435 571 637 622 quietique
657 571 711 610 ita
730 571 822 610 mali
842 578 881 610 et
908 570 1065 610 strenui.
1124 573 1194 611 sed
1214 574 1375 623 profusa
1393 573 1582 624 cupidine
1601 581 1640 617 et

245 635 388 687 insigni
415 635 632 675 temeritate
662 635 778 686 legati
806 635 1006 686 legionum
1035 636 1200 676 Alienus
1228 637 1402 678 Caecina
1429 645 1470 678 et
1494 638 1640 678 Fabius

244 702 419 749 Valens,
448 715 470 740 e
489 700 633 751 quibus
654 702 801 740 Valens
826 700 1002 740 infensus
1025 701 1187 749 Galbae,
1210 709 1414 752 tamquam
1441 703 1640 743 detectam

186 781 226 814 15
244 779 268 804 a
299 779 341 805 se
369 765 545 816 Verginii
583 765 891 813 cunctationem,
927 779 1115 816 oppressa
1145 766 1352 817 Capitonis
1386 760 1552 807 consilia
1583 767 1640 807 in-

243 836 351 881 grate
376 829 538 878 tulisset,
561 829 744 880 instigare
764 829 980 877 Vitellium,
1008 832 1190 870 ardorem
1218 830 1387 871 militum
1411 839 1638 874 ostentans:

243 894 374 945 ipsum
417 894 562 934 celebri
600 894 749 946 ubique
787 896 902 942 fama,
943 896 1091 934 nullam
1133 897 1173 934 in
1212 897 1357 936 Flacco
1400 897 1639 938 Hordeonio

244 973 420 1009 moram3
461 961 597 1000 adfore
631 959 887 1008 Britanniam,
923 967 1104 1000 secutura
1142 962 1432 1001 Germanorum
1469 962 1639 1004 auxilia:

244 1027 347 1065 male
367 1027 467 1065 fidas
490 1025 722 1076 provincias,
745 1025 963 1077 precarium
984 1025 1069 1065 seni
1094 1025 1303 1077 imperium
1325 1034 1364 1066 et
1390 1026 1499 1067 brevi
1519 1034 1640 1068 trans·

184 1107 226 1130 20
243 1090 414 1130 iturum:
444 1092 635 1142 panderet
662 1092 784 1130 modo
815 1090 945 1130 sinum
970 1098 1009 1130 et
1034 1090 1208 1131 venienti
1237 1093 1435 1132 Fortunae
1463 1105 1640 1133 occurre·

243 1162 311 1195 ret.
381 1155 521 1195 merito
561 1155 763 1196 dubitasse
806 1155 1036 1207 Verginium
1079 1156 1250 1207 equestri
1297 1157 1455 1206 familia,
1499 1157 1637 1208 ignoto

241 1228 361 1272 patre,
393 1220 584 1271 imparem
618 1220 650 1260 si
679 1220 891 1272 recepisset
918 1220 1137 1272 imperium,
1172 1228 1303 1261 tutum
1332 1221 1366 1261 si
1395 1229 1636 1263 recusasset:

242 1285 404 1325 Vitellio
436 1286 503 1324 tris
537 1285 656 1337 patris
691 1286 929 1333 consulatus,
962 1298 1179 1334 censuram,
1215 1285 1427 1337 collegium
1458 1246 1702 1328 Caesaris&

241 1357 281 1389 et
310 1350 514 1402 imponere
543 1350 623 1389 iarn
654 1350 810 1403 pridem
838 1349 1082 1401 imperatoris
1115 1350 1387 1401 dignationem
1411 1358 1454 1391 et
1485 1353 1636 1392 auferre

183 1428 223 1461 25
241 1414 381 1466 privati
408 1414 668 1454 securitatem.
727 1414 977 1465 quatiebatur
1005 1414 1066 1454 his
1092 1427 1211 1466 segne
1239 1414 1442 1466 ingenium
1472 1423 1516 1456 ut
1543 1429 1637 1457 con·
1659 1416 1748 1475 ὢν

241 1479 459 1531 cupisceret
479 1479 602 1531 magis
622 1492 742 1530 quarn
762 1486 805 1518 ut
825 1486 1007 1530 speraret.

172 1551 222 1592 53
400 1546 455 1584 At
488 1543 529 1583 in
558 1543 756 1594 superiore
791 1543 1004 1583 Germania
1040 1544 1223 1592 Caecina,
1259 1545 1428 1585 decorus
1462 1544 1634 1594 iuventa,

239 1621 403 1660 corpore
435 1609 585 1660 ingens,
620 1608 742 1648 animi
775 1608 1025 1657 immodicus,
1059 1608 1158 1649 scito
1191 1622 1384 1658 sermone,
1415 1617 1547 1651 erecto
1579 1610 1636 1651 in-

239 1687 364 1722 cessu,
393 1674 524 1714 studia
548 1673 717 1713 militum
747 1673 945 1713 inlexerat.
1005 1675 1113 1713 hunc
1138 1674 1322 1714 iuvenem
1351 1675 1491 1724 Galba,
1518 1689 1636 1727 quae-

238 1746 385 1779 storem
422 1738 463 1778 in
498 1739 659 1779 Baetica
697 1740 860 1790 impigre
890 1738 931 1777 in
970 1738 1089 1789 partis
1123 1752 1212 1778 suas
1250 1746 1546 1791 transgressum,
1584 1741 1635 1781 le-

201 1819 219 1851 5
238 1803 345 1854 gioni
373 1803 625 1855 praeposuit:
655 1817 747 1843 mox
777 1811 1024 1854 compertum
1054 1803 1254 1855 publicam
1287 1804 1498 1855 pecuniam
1529 1817 1635 1844 aver-

238 1868 331 1908 tisse
369 1875 412 1908 ut
449 1870 716 1920 peculatorem
751 1869 914 1920 flagitari
948 1868 1070 1908 iussit.
1139 1869 1312 1909 Caecina
1344 1882 1458 1920 aegre
1495 1881 1634 1920 passus

238 1932 403 1974 miscere
430 1941 574 1973 cuncta
607 1941 647 1973 et
676 1934 826 1985 privata
845 1935 1006 1973 vulnera
1039 1933 1094 1973 rei
1122 1933 1306 1984 publicae
1336 1933 1449 1982 malis
1482 1935 1634 1986 operire

237 1997 384 2038 statuit.
441 2011 515 2037 nec
546 1999 708 2038 deerant
741 1999 782 2038 in
813 1998 984 2038 exercitu
1018 1997 1168 2036 semina
1194 1997 1426 2046 discordiae,
1454 1999 1634 2050 quod,et

238 2113 257 2142 7
281 2106 317 2134 ut
332 2102 384 2134 hic
396 2103 555 2144 supplevit
569 2103 753 2134 Rhenanus
770 2105 847 2143 post
859 2101 1019 2133 Vitellius
1037 2100 1222 2141 Acidalius,
1242 2111 1310 2132 om.
1326 2099 1368 2131 M
1509 2111 1550 2133 10
1571 2101 1631 2133 im-

237 2146 408 2186 peritandi
432 2147 549 2186 scripsi
569 2147 634 2178 coll.
655 2147 697 2178 iv.
717 2154 778 2185 25:
814 2145 1003 2185 imperandi
1028 2143 1076 2184 M,
1101 2143 1227 2183 syllaba
1244 2155 1280 2175 ra
1294 2143 1434 2176 evanida
1447 2144 1498 2176 vel
1509 2155 1605 2177 erasa
1622 2156 1631 2176 :

237 2189 440 2229 impetrandi
461 2189 641 2231 Agricola:
675 2189 794 2229 imperi
823 2189 926 2220 dandi
953 2186 1156 2228 Nipperdey:
1190 2187 1220 2218 ei
1245 2187 1386 2228 parendi
1409 2187 1534 2228 Mei-ser,
1558 2187 1628 2220 coll.

239 2232 347 2265 Germ.
358 2243 388 2265 c.
398 2243 441 2272 44
532 2243 571 2273 13
594 2237 628 2264 et
646 2231 652 2275 Ι
673 2232 801 2264 biusM
889 2242 926 2271 17
951 2230 1042 2262 nulla
1055 2229 1097 2261 M
1184 2231 1224 2261 18
1247 2229 1418 2262 adsoreM
1475 2234 1632 2263 secutura

238 2275 286 2316 M,
304 2287 383 2308 corr.
406 2275 448 2307 M
453 2275 463 2293 ¹
595 2287 638 2307 20
661 2275 794 2306 fortuna
812 2274 860 2315 M,
880 2285 900 2306 e
915 2274 1144 2315 superscripsit
1158 2272 1215 2303 M1
1345 2283 1387 2304 22
1412 2273 1508 2306 titum
1524 2273 1569 2306 M

282 2325 342 2361 53.
364 2330 378 2351 1
404 2320 447 2352 ad
460 2318 501 2350 M
602 2320 744 2351 decorus
760 2318 893 2350 Baiter:
917 2317 1031 2349 decori
1049 2317 1108 2348 M:
1134 2317 1261 2349 decora
1277 2315 1351 2348 dett.
1498 2327 1518 2348 2
1541 2317 1630 2350 scito

239 2362 396 2405 LaPsius:
423 2364 491 2395 cito
506 2362 549 2395 M
673 2372 694 2402 3
717 2362 873 2393 iuvenem
889 2360 1017 2392 seclusit
1029 2358 1208 2401 Nipperdey
1293 2359 1390 2399 galba-1
1404 2358 1453 2399 M,
1473 2370 1554 2392 corr.
1572 2360 1629 2392 M1

238 2409 260 2439 6
283 2406 390 2449 iussit!
409 2405 452 2437 M
550 2406 584 2438 id
597 2406 744 2438 Caecina
763 2405 935 2444 Heinsius,
955 2403 1065 2434 Halm
