1748 2826
0 0 14 150 i*
446 136 852 179 HISTORIARVM
884 139 1056 177 LIBER
1086 138 1153 176 111
1431 138 1570 187 11173

257 251 339 292 Sed
369 251 458 303 plus
489 243 644 302 pauoris
683 249 855 291 obsessis
889 264 1010 301 quam
1041 249 1317 290 obsessoribus
1356 249 1500 289 intulit.
1519 255 1572 296 73

96 316 247 370 quippe
276 316 515 357 Vitellianus
546 316 660 357 miles
698 330 830 368 neque
860 324 948 356 astu
979 329 1110 367 neque
1145 315 1369 356 constantia
1399 314 1501 355 inter

97 382 222 424 dubia.
251 382 482 435 indigebat:
521 395 571 424 ex
607 383 764 423 diverso
802 382 944 434 trepidi
977 381 1132 431 milites,
1173 383 1255 422 dux
1293 382 1423 432 segnis
1462 387 1503 420 et

95 449 203 489 velut
228 455 368 500 captus
390 447 514 488 animi
537 461 619 488 non
643 447 786 500 lingua,
810 461 892 487 non
918 447 1079 488 auribus
1108 455 1346 499 competere,
1369 459 1503 498 neque

93 512 233 555 alienis
263 512 439 554 consiliis
471 513 551 564 regi
582 526 714 564 neque
753 527 824 552 sua
858 513 1054 564 expedire,
1091 515 1170 553 huc
1201 513 1294 552 illuc
1325 511 1504 552 clamori·
1521 525 1544 562 5

94 578 170 619 bus
200 577 375 618 hostium
414 578 640 631 circumagi,
676 591 780 630 quae
819 579 984 619 iusserat
1015 587 1161 628 vetare,
1191 591 1296 630 quae
1325 586 1503 620 vetuerat

93 641 255 685 iubere:
296 656 400 691 mox,
434 644 545 694 quod
577 642 617 683 in
649 642 812 694 perditis
843 644 960 683 rebus
993 643 1149 691 accidit,
1183 657 1324 684 omnes
1357 644 1506 696 praeci-

92 720 201 760 pere,
230 720 352 756 nemo
382 707 525 760 exequi
542 722 553 757 3
591 715 795 759 postremo
828 708 994 749 abiectis
1032 708 1150 749 armis
1191 710 1323 760 fugam
1362 717 1401 750 et
1439 710 1506 749 fal-

93 772 203 814 lendi
232 774 326 813 artis
354 772 754 825 circumspectabant.
812 773 1046 825 inrumpunt
1067 773 1271 814 Vitelliani
1294 782 1334 815 et
1360 782 1506 817 cuncta

93 839 288 890 sanguine
325 839 428 880 ferro
466 838 717 890 flammisque
757 838 934 879 miscent.
994 839 1109 891 pauci
1149 839 1376 880 militarium
1408 839 1506 880 viro-
1528 857 1567 881 10

92 917 192 953 rum,
224 903 326 945 inter
353 917 456 956 quos
486 905 657 944 maxime
687 904 861 955 insignes
890 905 1101 945 Cornelius
1135 904 1341 953 Martialis,
1373 904 1506 945 Aemi-

0 1013 2 1024 ζ
93 969 169 1010 lius
197 969 398 1018 Pacensis,
429 969 643 1021 Casperius
674 970 810 1021 Niger,
840 969 984 1010 Didius
1019 971 1178 1019 Scaeva,
1213 984 1388 1023 pugnam
1419 971 1505 1011 ausi

0 1055 9 1100 ἃ
93 1035 392 1076 obtruncantur.
450 1035 632 1075 Flavium
659 1035 853 1077 Sabinum
878 1037 1070 1077 inermem
1100 1050 1232 1088 neque
1257 1038 1389 1089 fugam
1419 1051 1506 1079 coe-

0 1101 2 1106 ’
93 1107 274 1154 ptantem
298 1100 604 1149 circumsistunt,
627 1109 666 1141 et
688 1101 900 1152 Quintium
921 1101 1100 1141 Atticum
1125 1103 1342 1152 consulem,
1365 1103 1507 1144 umbra

94 1167 257 1208 honoris
287 1174 327 1208 et
358 1175 514 1208 suamet
546 1165 720 1208 vanitate
754 1174 1028 1217 monstratum,
1060 1169 1172 1219 quod
1203 1169 1334 1208 edicta
1368 1169 1408 1208 in
1439 1182 1506 1220 po-
1529 1186 1567 1220 15

94 1233 234 1285 pulum
285 1246 359 1285 pro
405 1234 655 1285 Vespasiano
691 1233 923 1285 magnifica,
974 1233 1166 1285 probrosa
1211 1235 1401 1274 adversus
1439 1233 1507 1273 Vi-

94 1297 247 1338 tellium
275 1297 433 1339 iecerat.
491 1298 611 1339 ceteri
650 1313 720 1351 per
750 1299 879 1339 varios
918 1313 1033 1339 casus
1065 1299 1199 1352 elapsi,
1235 1299 1399 1351 quidam
1430 1313 1507 1341 ser-

94 1362 162 1404 vili
187 1362 340 1412 habitu,
366 1363 433 1404 alii
457 1365 538 1406 fide
561 1366 767 1405 clientium
796 1365 970 1405 contecti
991 1372 1030 1405 et
1051 1365 1152 1406 inter
1172 1365 1344 1407 sarcinas
1364 1365 1505 1407 abditi.

94 1428 204 1470 fuere
234 1429 304 1482 qui
335 1437 504 1482 excepto
534 1429 841 1471 Vitellianorum
880 1430 1005 1482 signo,
1040 1444 1122 1482 quo
1157 1432 1258 1472 inter
1292 1445 1334 1473 se
1366 1445 1507 1474 nosce-
1561 1440 1566 1444 '

94 1493 250 1545 bantur,
275 1496 380 1536 ultro
404 1495 620 1548 rogitantes
647 1497 985 1548 respondentesve
1012 1496 1223 1537 audaciam
1252 1511 1324 1549 pro
1352 1497 1505 1538 latebra
1525 1512 1567 1535 20

94 1559 299 1602 haberent.

257 1626 516 1668 Domitianus
555 1627 682 1679 prima
721 1627 948 1679 inruptione
986 1629 1095 1679 apud
1128 1627 1335 1668 aedituum
1374 1629 1507 1668 occul·
1524 1638 1576 1680 74

95 1698 215 1742 tatus,
234 1693 408 1733 sollertia
433 1692 563 1733 liberti
584 1692 691 1734 lineo
711 1692 861 1733 amictu
889 1693 1028 1733 turbae
1050 1693 1329 1734 sacricolarum
1354 1693 1506 1734 immix-

95 1759 170 1798 tus'
189 1756 484 1810 ignoratusque‚
516 1759 625 1810 apud
664 1758 897 1799 Cornelium
932 1758 1109 1798 Primum
1142 1767 1351 1811 paternum
1386 1759 1506 1800 clien-

94 1830 177 1864 tem
197 1821 304 1864 iuxta
318 1823 537 1864 Velabrum
558 1825 726 1865 delituit.
774 1838 822 1864 ac
842 1823 1020 1876 potiente
1041 1838 1170 1865 rerum
1191 1833 1312 1876 patre,
1335 1825 1505 1866 disiecto

93 1887 244 1929 aeditui
289 1888 567 1939 contubernio,
616 1891 822 1930 modicum
862 1892 1053 1931 sacellum
1098 1890 1184 1930 Iovi
1225 1890 1503 1932 Conservatori
1524 1908 1541 1940 5

93 1966 284 2006 aramque
308 1954 442 2006 posuit
465 1968 583 1995 casus
607 1968 703 1995 suos
733 1955 773 1995 in
804 1969 999 1997 marmore
1024 1969 1249 2008 expressam
1267 1970 1277 2005 ;
1316 1969 1409 1995 mox
1436 1955 1505 1995 im-

94 2020 248 2072 perium
277 2021 447 2072 adeptus
476 2020 565 2061 Iovi
592 2020 763 2062 Custodi
796 2023 990 2073 templum
1023 2022 1161 2073 ingens
1193 2035 1316 2073 seque
1344 2022 1385 2061 in
1414 2021 1504 2061 sinu

94 2084 160 2125 dei
189 2085 366 2127 sacravit.
424 2086 597 2128 Sabinus
626 2093 666 2128 et
694 2086 852 2126 Atticus
881 2086 1034 2127 onerati
1063 2086 1215 2127 catenis
1243 2094 1283 2128 et
1310 2087 1363 2126 ad
1383 2085 1504 2126 Vitel-

93 2148 191 2192 lium
221 2148 332 2192 ducti
359 2165 614 2204 nequaquam
644 2153 787 2192 infesto
814 2166 998 2193 sermone
1021 2153 1213 2204 vultuque
1241 2151 1502 2205 excipiuntur,

138 2261 197 2299 73.
225 2266 240 2288 1
265 2261 344 2290 ante
366 2257 502 2299 pavoris
525 2256 586 2289 sed
604 2259 650 2289 ila
675 2262 714 2289 ut
735 2257 949 2300 adiungatur
962 2258 1087 2291 litterae
1104 2269 1126 2300 p
1142 2259 1262 2300 scripta
1278 2262 1326 2290 est
1347 2258 1382 2290 in
1405 2257 1506 2290 codice

95 2300 200 2334 liuere
215 2301 236 2342 i,
255 2304 294 2333 ut
308 2300 460 2339 videtum
485 2301 574 2333 unde
596 2301 772 2333 Andresen
797 2303 830 2333 id
854 2303 905 2334 vel
927 2303 960 2334 id
984 2303 1179 2334 incendium
1203 2303 1332 2335 coniecit
1466 2313 1501 2334 11

94 2344 242 2386 insignis
257 2345 300 2378 Μ
374 2346 413 2376 ¹8
437 2345 539 2377 fidem
557 2345 606 2385 M,
624 2356 704 2378 corr.
722 2346 764 2377 M
768 2346 777 2366 ¹
858 2347 1003 2387 protecti
1019 2346 1203 2390 Nipperdey
1287 2356 1326 2388 ¹9
1350 2356 1418 2388 quo
1437 2368 1445 2380 .
1465 2369 1473 2379 .
1495 2369 1504 2381 .

95 2389 330 2423 noscebantur
345 2389 414 2422 secl.
432 2389 614 2432 Nipperdey
