1748 2826
161 136 203 174 II
226 136 278 174 82
670 138 947 178 CORNELII
976 138 1172 178 TACITI

226 248 340 286 thum
370 248 684 300 Armeniumque
715 249 842 300 legati,
875 249 1156 301 provisumque
1189 263 1241 289 ne
1268 247 1389 288 versis
1418 248 1472 289 ad
1503 247 1617 288 civile

169 313 375 361 15sbellum
404 313 625 365 legionibus
654 322 761 366 terga
789 315 1041 354 nudarentur.
1099 314 1235 354 Titum
1262 314 1407 354 instare
1430 313 1617 362 Iudaeae,

224 378 514 429 Vespasianum
546 378 726 419 obtinere
759 381 927 419 claustra
956 378 1126 431 Aegypti
1158 378 1330 431 placuit:
1362 379 1542 419 sufficere
1565 377 1618 418 vi-

217 442 422 482 debantur
446 444 633 483 adversus
657 444 862 483 Vitellium
888 457 977 494 pars
1007 444 1209 495 copiarum
1236 451 1274 484 et
1300 444 1380 483 dux
1404 442 1617 482 Mucianus

224 514 264 547 et
282 508 517 559 Vespasiani
546 522 693 548 nomen
721 522 768 548 ac
796 508 895 548 nihil
923 510 1091 548 arduum
1118 508 1220 548 fatis.
1275 509 1329 548 ad
1357 507 1486 548 omnis
1514 519 1618 547 exer-

224 571 325 611 citus
362 574 592 624 legatosque
626 572 793 624 scriptae
831 572 1022 624 epistulae
1059 579 1394 624 praeceptumque
1431 579 1475 612 ut
1511 585 1618 624 prae-

164 651 204 674 20
223 637 397 677 torianos
426 637 587 678 Vitellio
625 639 800 678 infensos
839 638 1117 689 reciperandae
1155 636 1318 678 militiae
1349 635 1526 689 praemio
1562 636 1619 676 in-

223 702 401 743 vitarent.
1648 710 1650 712 ’

152 767 204 815 83
387 768 599 809 Mucianus
628 783 719 809 cum
749 769 934 821 expedita
965 783 1098 818 manu,
1129 769 1283 809 socium
1311 768 1435 821 magis
1463 767 1618 820 imperii

185 867 189 869 i
223 846 343 884 quam
374 834 596 874 ministrum
623 848 755 886 agens,
778 848 859 874 non
889 837 998 874 lento
1026 834 1175 883 itinere,
1198 849 1249 874 ne
1274 833 1451 874 cunctari
1469 833 1618 873 videre·

222 906 295 948 tur,
323 913 454 950 neque
487 907 621 940 tamen
654 914 879 952 properans,
912 900 1076 952 gliscere
1108 902 1255 939 famam
1289 900 1376 951 ipso
1409 897 1538 950 spatio
1569 897 1617 937 si·
1660 905 1662 907 ’

222 965 353 1013 nebat,
384 979 529 1015 gnarus
557 965 735 1006 modicas
761 965 852 1005 viris
884 965 959 1005 sibi
987 973 1027 1005 et
1054 964 1203 1004 maiora
1232 964 1342 1004 credi
1370 965 1423 1005 de
1447 962 1617 1003 absenti·

183 1040 201 1073 5
222 1029 297 1069 bus
310 1044 322 1078 ς
359 1025 430 1070 'sed
458 1030 561 1081 legio
590 1038 698 1070 sexta
726 1037 765 1070 et
793 1029 984 1070 tredecim
1012 1030 1299 1069 vexillariorum
1329 1028 1436 1068 milia
1466 1027 1617 1080 ingenti

221 1094 379 1145 agmine
398 1095 676 1145 sequebantur.
735 1096 902 1134 classem
923 1109 946 1134 e
966 1096 1096 1134 Ponto
1121 1093 1354 1145 Byzantium
1374 1093 1480 1145 adigi
1498 1092 1616 1133 iusse-

221 1166 290 1207 rat,
311 1159 520 1210 ambiguus
549 1159 703 1199 consilii
727 1174 823 1199 num
843 1159 990 1199 omissa
1017 1159 1175 1199 Moesia
1201 1159 1463 1210 Dyrrachium
1481 1158 1617 1210 pedite

220 1230 339 1274 atque
372 1223 517 1275 equite,
552 1224 669 1263 simul
703 1224 829 1275 longis
863 1224 1029 1263 navibus
1062 1237 1219 1263 versum
1251 1223 1293 1263 in
1323 1223 1480 1264 Italiam
1508 1236 1617 1263 mare

220 1290 432 1335 clauderet,
467 1295 551 1328 tuta
588 1302 694 1340 pone
732 1296 883 1339 tergum
918 1288 1073 1328 Achaia
1101 1288 1287 1340 Asiaque,
1323 1302 1422 1340 quas
1456 1288 1615 1329 inermis

163 1367 201 1390 10
220 1353 365 1405 exponi
405 1353 578 1401 Vitellio,
612 1353 653 1392 ni
686 1352 891 1404 praesidiis
931 1354 1177 1392 firmarentur
1193 1367 1204 1401 3
1240 1360 1363 1404 atque
1390 1352 1522 1405 ipsum
1549 1352 1617 1392 Vi·

219 1418 372 1458 tellium
392 1418 433 1457 in
452 1418 603 1458 incerto
624 1419 707 1458 fore
727 1431 847 1469 quarn
874 1425 1026 1470 partem
1057 1418 1196 1458 Italiae
1222 1425 1454 1470 protegeret,
1481 1417 1516 1458 si
1540 1417 1616 1458 sibi

220 1483 477 1524 Brundisium
504 1486 539 1522 T
542 1490 802 1534 arentumque
828 1490 867 1522 et
891 1482 1099 1524 Calabriae
1125 1482 1406 1535 Lucaniaeque
1427 1482 1542 1523 litora
1560 1482 1615 1522 in-

218 1549 327 1588 festis
347 1549 538 1589 classibus
558 1555 795 1599 peterentur.

147 1613 220 1662 84'
384 1613 508 1665 Igitur
537 1612 698 1652 navium
731 1611 901 1652 militum
933 1626 1133 1653 armorum
1164 1620 1303 1665 paratu
1335 1620 1507 1665 strepere
1528 1627 1614 1665 pro-

218 1678 383 1727 vinciae,
414 1679 485 1718 sed
514 1678 612 1717 nihil
643 1690 770 1728 aeque
799 1676 988 1728 fatigabat
1018 1691 1140 1728 quam
1169 1677 1428 1729 pecuniarum
1453 1677 1612 1729 conqui-

218 1742 332 1783 sitio:
362 1756 430 1783 eos
459 1756 544 1783 esse
572 1742 665 1781 belli
691 1741 815 1781 civilis
841 1755 983 1782 nervos
1002 1741 1189 1781 dictitans
1213 1742 1426 1782 Mucianus
1451 1756 1535 1782 non
1553 1742 1614 1782 ius

216 1815 285 1847 aut
313 1822 448 1848 verum
478 1808 519 1847 in
549 1807 853 1859 cognitionibus,
886 1808 957 1847 sed
986 1808 1112 1846 solam
1146 1807 1462 1858 magnitudinem
1489 1820 1613 1858 opum

179 1890 197 1923 5
218 1873 432 1924 spectabat.
491 1873 637 1924 passim
671 1872 901 1921 delationes,
934 1879 973 1912 et
1005 1871 1337 1923 locupletissimus
1371 1871 1540 1923 quisque
1571 1871 1612 1911 in

217 1940 404 1989 praedam
443 1938 624 1989 correpti.
683 1951 786 1989 quae
822 1936 954 1989 gravia
990 1944 1111 1988 atque
1147 1937 1417 1986 intoleranda,
1439 1938 1513 1978 sed
1547 1950 1614 1977 ne-

217 2002 399 2043 cessitate
435 2016 636 2043 armorum
675 2009 860 2042 excusata
904 2001 1023 2042 etiam
1067 2001 1108 2041 in
1153 2015 1251 2053 pace
1295 2015 1486 2050 mansere,
1525 2001 1613 2053 ipso

217 2068 463 2119 Vespasiano
490 2068 590 2107 inter
619 2067 730 2106 initia
748 2066 901 2118 imperii
928 2068 980 2106 ad
1000 2065 1238 2107 obtinendas
1258 2065 1485 2117 iniquitates
1504 2066 1613 2106 haud

217 2134 381 2184 perinde
407 2132 645 2180 obstinante‚
667 2133 797 2172 donec
827 2130 1072 2182 indulgentia
1100 2132 1279 2170 fortunae
1308 2137 1348 2170 et
1375 2130 1504 2182 pravis
1532 2143 1612 2169 rna-

260 2237 318 2278 83.
344 2248 363 2276 4
388 2246 463 2268 esse
481 2236 544 2267 sibi
561 2235 603 2267 al.
681 2234 870 2267 assentibus
888 2233 935 2274 M,
955 2244 1033 2265 corr.
1052 2233 1093 2265 M
1098 2233 1111 2254 ²
1139 2232 1141 2234 ’
1201 2244 1218 2273 7
1243 2233 1449 2265 dirrachium
1465 2232 1506 2264 M
1591 2234 1612 2264 8

218 2281 331 2321 equite
349 2285 482 2321 peteret
498 2279 540 2311 al.
673 2289 694 2318 9
717 2278 821 2319 quasi}
839 2278 881 2309 M
1012 2287 1046 2308 11
1073 2276 1138 2308 sibi
1153 2277 1223 2308 secl.
1245 2275 1467 2309 Weissenborn
1483 2287 1490 2307 ε
1511 2275 1612 2308 simul

217 2325 404 2356 Rhenanus
538 2332 575 2352 12
602 2321 752 2362 Inlitolra
768 2319 811 2351 M

262 2366 323 2409 84.
347 2376 368 2406 9
392 2364 505 2407 perlnl
524 2364 566 2395 M
