1748 2826
203 127 269 166 111
289 135 338 176 27
737 131 1014 173 CORNELII
1043 134 1240 176 TACITI

231 251 267 284 15
288 243 424 288 strage.
484 237 696 279 incesserat
726 242 938 289 cunetatio,
970 243 1011 281 ni
1044 243 1167 284 duces
1205 245 1310 284 fesso
1346 245 1462 286 militi
1499 253 1539 287 et
1575 246 1682 288 velut

287 301 422 341 inritas
442 303 733 344 exhortationes
753 305 943 345 abnuenti
963 307 1203 348 Cremonam
1225 316 1518 351 monstrassent.

216 362 268 401 28
450 367 649 407 Hormine
686 370 727 408 id
765 369 978 421 ingenium,
1018 380 1061 411 ut
1096 375 1268 416 Messala
1294 376 1435 424 tradit,
1469 387 1522 416 an
1551 376 1682 427 potior

286 436 425 469 auctor
453 431 502 470 sit
532 433 576 472 C.
609 433 771 482 Plinius,
802 434 871 485 qui
897 436 1117 483 Antonium
1145 437 1309 487 incusat,
1331 440 1440 479 haud
1466 440 1580 480 facile
1606 439 1683 480 dis-

288 495 488 544 creverim,
521 497 596 537 nisi
627 501 737 549 quod
768 513 899 551 neque
931 501 1131 540 Antonius
1160 516 1290 553 neque
1319 505 1499 544 Hormus
1526 517 1551 544 a
1577 505 1682 544 fama

287 558 446 610 vitaque
465 574 535 600 sua
562 563 740 613 quamvis
767 565 940 614 pessimo
969 565 1117 615 flagitio
1143 568 1439 617 degeneravere.
1497 581 1580 608 non
1602 568 1679 608 iam

251 637 268 668 5
288 626 445 676 sanguis
475 639 606 677 neque
643 629 803 667 vulnera
840 628 1096 668 morabantur
1133 630 1229 680 quin
1267 632 1500 672 subruerent
1536 634 1681 672 vallum

287 697 574 741 quaterentque
612 699 754 742 portas,
795 692 918 731 innixi
949 693 1093 732 umeris
1131 701 1170 733 et
1201 707 1318 746 super
1354 694 1540 735 iteratam·
1564 703 1682 746 testu-

287 753 423 794 dinem
453 757 688 796 scandentes
717 764 947 808 prensarent
972 757 1146 797 hostiurn
1173 760 1251 798 tela
1279 759 1529 811 brachiaque.
1585 760 1682 800 inte-

286 818 344 870 gri
377 832 469 859 cum
503 821 656 870 sauciis,
689 822 907 862 semineces
941 835 1033 862 cum
1064 823 1330 874 expirantibus
1363 825 1682 874 volvuntur,.va-

287 883 343 923 ria
370 885 619 935 pereuntium
638 888 764 926 forma
784 894 823 927 et
842 886 952 927 omni
972 887 1143 938 imagine
1162 887 1359 928 mortium.
1597 924 1600 925 γ

212 954 268 993 29
448 949 696 989 Acerrimum
734 951 870 991 tertiae
911 951 1182 1003 septimaeque
1219 952 1419 1004 legionum
1447 960 1682 1006 3certamen3

287 1023 326 1055 et
345 1016 426 1055 dux
451 1016 650 1056 Antonius
677 1029 768 1056 cum
797 1017 961 1058 delectis
987 1018 1240 1058 auxiliaribus
1264 1020 1408 1059 eodem
1436 1019 1679 1060 incubuerat.

285 1080 506 1120 obstinatos
540 1081 641 1121 inter
661 1095 703 1121 se
733 1095 825 1121 cum
859 1082 1052 1122 sustinere
1078 1082 1280 1122 Vitelliani
1310 1083 1520 1136 nequirent
1548 1090 1591 1136 >et
1621 1097 1682 1123 su-

234 1162 237 1163 ’
286 1145 457 1197 periacta
486 1147 564 1185 tela
591 1146 791 1186 testudine
819 1147 1056 1195 laberentur,
1091 1148 1217 1198 ipsam
1250 1154 1454 1198 postremo
1485 1147 1681 1188 ballistam

248 1224 267 1257 5
286 1210 327 1249 in
361 1209 567 1250 subeuntis
595 1212 813 1262 propulere,
844 1224 947 1262 quae
979 1218 1022 1250 ut
1051 1212 1103 1251 ad
1134 1224 1325 1265 praesens,
1350 1211 1504 1253 disiecit
1537 1212 1682 1254 obruit-

286 1288 365 1326 que
388 1288 488 1326 quos
517 1274 719 1323 inciderat,
748 1275 802 1314 ita
826 1275 968 1326 pinnas
996 1289 1042 1315 ac
1072 1289 1227 1315 summa
1252 1276 1343 1316 valli
1370 1276 1483 1317 ruina
1510 1290 1581 1317 sua
1609 1284 1681 1317 tra-

286 1340 366 1388 xit3
407 1339 524 1379 simul
546 1339 683 1393 iuncta
698 1339 814 1380 turris
838 1340 982 1380 ictibus
1009 1353 1191 1380 saxorum
1215 1341 1343 1390 cessit,
1364 1354 1443 1393 qua
1470 1340 1680 1394 septimani

285 1405 383 1444 dum
417 1404 594 1444 nituntur
631 1405 777 1452 cuneis,
814 1405 1001 1445 tertianus
1035 1406 1237 1446 securibus
1274 1406 1493 1458 gladiisque
1525 1414 1679 1459 portam

285 1468 479 1520 perfregit.
536 1469 706 1520 primum
733 1469 926 1520 inrupisse
956 1470 1000 1510 C.
1030 1470 1240 1510 Volusium
1265 1470 1400 1510 tertiae
1419 1469 1586 1522 legionis
1612 1470 1682 1510 mi-

228 1549 268 1572 10
285 1533 395 1572 litem
429 1533 530 1573 inter
566 1535 696 1574 omnis
733 1541 913 1574 auctores
946 1541 1114 1574 constat.
1171 1535 1204 1574 is
1234 1534 1275 1574 in
1313 1536 1459 1574 vallum
1489 1548 1677 1587 egressus,

286 1598 503 1638 deturbatis
541 1598 609 1649 qui
646 1600 876 1647 restiterant,
915 1599 1153 1650 conspicuus
1190 1613 1311 1639 manu
1347 1613 1395 1639 ac
1430 1612 1529 1640 voce
1565 1608 1680 1652 capta

287 1669 413 1702 castra
448 1662 734 1712 conclamavit3
775 1663 894 1703 ceteri
932 1665 1093 1715 trepidis
1131 1665 1209 1703 iam
1242 1663 1463 1704 Vitellianis
1499 1677 1622 1716 seque
1658 1678 1680 1704 e

285 1728 389 1767 vallo
421 1727 770 1778 praecipitantibus
802 1742 1023 1780 perrupere.
1080 1730 1300 1780 completur
1332 1729 1455 1769 caede
1487 1736 1679 1780 quantum

286 1790 387 1830 inter
414 1799 540 1831 castra
568 1806 782 1844 murosque
809 1793 923 1833 vacui
952 1793 1035 1833 fuit.

214 1864 269 1901 30
449 1858 509 1896 Ac
548 1871 678 1897 rursus
720 1872 823 1898 nova
862 1859 1042 1898 laborum
1082 1857 1224 1898 facies:
1267 1859 1390 1898 ardua
1428 1857 1536 1898 urbis
1575 1871 1679 1898 moe-

287 1922 362 1970 nia,
396 1935 534 1962 saxeae
565 1930 699 1972 turres,
735 1924 865 1963 ferrati
898 1931 1098 1975 portarum
1132 1923 1278 1971 obices,
1312 1923 1470 1963 vibrans
1502 1924 1581 1963 tela
1611 1923 1680 1962 mi-

286 1988 353 2034 les,
389 1989 572 2038 frequens
606 1988 898 2040 obstrictusque
936 1988 1157 2028 Vitellianis
1190 1987 1366 2039 partibus
1397 1987 1678 2041 Cremonensis

330 2087 388 2121 28.
418 2098 432 2119 1
459 2090 617 2121 traditam
633 2090 682 2130 M,
696 2090 822 2132 partim
840 2101 918 2123 corr.
939 2089 995 2121 M1
1058 2106 1060 2108 v
1084 2089 1216 2129 potiora
1233 2089 1275 2120 M
1423 2099 1444 2120 2
1466 2089 1521 2121 .G.
1542 2089 1679 2130 plunius

287 2131 330 2181 M
400 2132 612 2181 ‘discreverit
628 2133 678 2174 M,
695 2143 773 2166 corr.
792 2134 835 2165 M
838 2133 849 2154 ¹
981 2135 1003 2164 6
1026 2131 1110 2164 inixi
1127 2133 1187 2164 M:
1210 2137 1244 2165 et
1262 2132 1369 2163 innixi
1388 2131 1558 2164 Francken
1659 2143 1677 2172 7

287 2175 657 2258 mtgglilsgnguperjecta
673 2223 703 2251 et
716 2220 942 2260 superjactata
956 2219 1031 2252 dett.
1145 2230 1166 2258 4
1190 2219 1233 2250 de
1248 2218 1420 2251 testudine
1435 2217 1545 2250 Halm
1656 2228 1677 2257 5

287 2261 429 2291 disiecto
446 2261 599 2301 bruitque
617 2262 659 2293 M
744 2263 949 2303 obn-ivitque
965 2262 1045 2295 com‘.
1064 2258 1199 2293 Ernesti
1340 2263 1362 2293 6
1384 2262 1460 2302 quis
1475 2261 1526 2294 vel
1538 2260 1574 2292 in
1590 2270 1677 2301 quos

288 2302 579 2378 ζτὲιζζίιῖίῆνηεείἰ
721 2307 741 2336 8
763 2306 968 2348 gladiisque]
987 2305 1203 2364 dolabrisque
1218 2303 1378 2336 Heinsius
1533 2313 1569 2335 11
1595 2305 1677 2350 resi-
