1748 2826
447 126 853 167 HISToRrARVM
885 128 1058 166 LIBER
1088 129 1155 167 111
1441 130 1507 168 111
1528 139 1587 177 33-

61 279 63 282 ,
105 238 144 279 vi
162 235 476 280 truncabantur.'
513 237 678 289 quidam
707 237 827 278 obvia
853 238 1052 290 aspernati
1081 238 1310 279 verberibus
1339 246 1509 279 tormen·
1533 255 1573 278 ιο

105 303 235 356 tisque
263 303 519 344 dominorum
551 303 689 343 abdita
720 303 894 351 scrutari,
931 304 1089 343 defossa
1119 317 1281 344 eruere:
1324 305 1430 344 faces
1469 304 1510 343 in

103 367 299 417 manibus,
330 381 440 420 quaS‚
471 367 541 409 ubi
568 369 758 420 praedam
787 376 1022 419 egesserant,
1054 368 1095 408 in
1125 382 1269 408 vacuas
1297 370 1442 409 domos
1470 376 1511 409 et

103 434 237 474 inania
263 435 413 485 templa
440 444 511 486 per
538 433 740 473 lasciviam
768 432 1070 483 iaculabantur3
1098 441 1222 486 utque
1250 435 1423 475 exercitu
1448 448 1512 473 va-

102 497 162 538 rio
197 497 342 550 linguis
379 498 568 548 moribus,
603 498 669 539 cui
706 500 812 539 cives
851 498 948 539 socii
986 499 1136 539 externi
1172 499 1419 547 interessent,
1455 498 1512 539 di-

102 575 238 603 versae
265 562 475 615 cupidines
501 571 543 604 et
567 563 677 604 aliud
700 563 845 615 cuique
868 565 926 604 fas
955 578 1031 604 nec
1058 564 1275 616 quicquam
1303 564 1510 604 inlicitum.
1533 581 1571 615 15

102 641 173 681 per
203 628 473 680 quadriduum
507 630 709 670 Cremona
737 629 900 669 suffecit.
959 643 1052 669 cum
1081 631 1218 669 omnia
1246 643 1357 670 sacra
1386 630 1513 681 prosa-
1564 669 1571 674 ‚¹

103 699 236 747 naque
259 694 302 735 in
327 694 419 747 igne
437 695 702 744 considerent,
729 697 859 736 solum
886 696 1037 736 Mefitis
1062 698 1258 749 templum
1284 695 1392 737 stetit
1418 703 1513 736 ante

104 758 273 809 moenia,
294 761 386 800 loco
405 770 476 800 seu
494 760 660 800 numine
679 761 903 802 defensum.

266 825 350 865 Hic
386 825 513 866 exitus
551 826 777 867 Cremonae
814 840 922 867 anno
955 826 1234 867 ducentesimo
1264 827 1511 880 octogesimo
1530 835 1584 875 34

103 897 216 932 sexto
242 904 268 931 a
297 890 516 943 primordio
542 891 617 931 sui.
673 891 838 932 condita
868 899 951 932 erat
979 892 1041 932 Ti.
1073 892 1312 944 Sempronio
1342 895 1385 933 P.
1417 894 1514 935 Cor-

102 956 211 998 nelio
232 956 476 1006 consulibus,
503 956 712 1008 ingruente
740 957 781 997 in
813 957 970 998 Italiam
994 959 1208 1007 Annibale,
1240 972 1514 1010 propugnacu-

103 1024 188 1063 lum
216 1023 406 1063 adversus
435 1023 573 1063 Gallos
604 1030 710 1062 trans
742 1025 898 1063 Padum
925 1025 1078 1075 agentis
1114 1031 1154 1064 et
1182 1025 1214 1064 si
1243 1037 1323 1076 qua
1350 1024 1428 1064 alia
1455 1024 1513 1065 vis

104 1101 175 1141 per
211 1087 326 1140 Alpis
362 1094 502 1128 rueret.
571 1089 688 1140 igitur
731 1102 899 1129 numero
937 1090 1185 1137 colonorum,
1215 1089 1514 1141 opportunitate
1533 1103 1552 1136 5

104 1153 327 1202 fluminum,
358 1153 482 1193 ubere
513 1153 605 1205 agri,
636 1155 794 1194 adnexu
832 1154 1097 1206 conubiisque
1129 1154 1308 1206 gentium
1338 1155 1514 1195 adolevit

104 1218 328 1271 floruitque,
359 1218 473 1259 bellis
502 1218 671 1258 externis
700 1219 859 1269 intacta,
889 1219 1072 1259 civilibus
1106 1219 1253 1260 infelix.
1310 1220 1514 1260 Antonius

105 1285 259 1336 pudore
277 1283 424 1336 flagitii,
446 1284 720 1324 crebrescente
743 1284 906 1334 invidia,
931 1284 1054 1325 edixit
1076 1299 1128 1325 ne
1154 1285 1243 1337 quis
1270 1287 1514 1327 Cremonen·

105 1363 191 1391 sem
218 1349 420 1402 captivum
440 1348 646 1390 detineret.
705 1349 944 1402 inritamque
973 1352 1164 1402 praedam
1198 1351 1391 1391 militibus
1424 1352 1513 1391 effe-

106 1423 213 1457 cerat
230 1423 450 1456 consensus
469 1415 619 1463 Italiae,
642 1415 888 1467 emptionem
915 1415 1055 1455 talium
1075 1416 1367 1468 mancipiorum
1385 1430 1516 1469 asper·
1538 1428 1576 1451 10

105 1481 264 1527 nantis:
299 1481 431 1522 occidi
464 1494 632 1532 coepere
646 1496 658 1530 3
695 1482 805 1532 quod
834 1480 904 1521 ubi
933 1481 1099 1531 enotuit,
1128 1495 1153 1522 a
1180 1482 1415 1534 propinquis
1448 1484 1517 1523 ad-

106 1547 334 1599 finibusque
371 1549 528 1587 occulte
565 1547 928 1599 redemptabantur.
986 1560 1080 1586 mox
1118 1547 1235 1588 rediit
1270 1547 1515 1589 Cremonam

101 1607 281 1665 'reliquus
299 1614 496 1664 populus:
525 1613 697 1664 reposita
716 1613 801 1652 fora
820 1614 1050 1664 templaque
1076 1613 1371 1664 magnificentia
1390 1613 1517 1653 muni-

106 1678 242 1730 cipum
258 1693 270 1728 3
297 1686 337 1719 et
355 1677 625 1731 Vespasianus
646 1678 887 1718 hortabatur.

271 1744 461 1785 Ceterum
497 1744 682 1784 adsidere
729 1745 909 1796 sepultae
946 1743 1054 1783 urbis
1098 1744 1221 1784 ruinis
1265 1744 1384 1784 noxia
1421 1744 1518 1785 tabo
1536 1749 1589 1790 35

106 1809 254 1850 humus
273 1811 382 1850 haud
401 1809 471 1850 diu
490 1809 679 1861 permisit.
733 1811 786 1850 ad
806 1810 966 1850 tertium
986 1810 1160 1862 lapidem
1182 1810 1376 1862 progressi
1395 1824 1516 1862 vagos

106 1874 368 1928 paventisque
405 1874 652 1924 Vitellianos,
693 1889 764 1915 sua
801 1888 1004 1926 quemque
1045 1876 1155 1927 apud
1193 1875 1315 1927 signa,
1355 1889 1518 1928 compo-

107 1948 238 1992 nunt,
264 1948 304 1981 et
330 1942 459 1982 victae
486 1940 675 1993 legiones,
706 1955 756 1981 ne
785 1948 974 1981 manente
999 1942 1134 1982 adhuc
1162 1940 1266 1981 civili
1298 1941 1405 1981 bello
1437 1955 1518 1982 am-

107 2007 228 2059 bigue
259 2014 436 2059 agerent,
463 2021 533 2059 per
564 2006 766 2059 Illyricum
800 2006 1012 2058 dispersae.
1071 2006 1112 2046 in
1146 2006 1391 2047 Britanniam
1422 2006 1517 2047 inde
1537 2023 1556 2056 5

152 2123 214 2158 33.
243 2127 283 2149 10
305 2116 597 2149 obtruncabantur
622 2114 807 2148 Heinsius:
845 2116 1105 2148 trucidabantur
1131 2115 1268 2149 Ernesti
1353 2117 1454 2149 obvia
1478 2117 1523 2149 M

110 2170 150 2202 13
172 2160 323 2202 lascilvia
338 2160 382 2192 M
476 2165 580 2200 utque
598 2160 633 2191 in
650 2159 758 2192 Rz'tter
934 2171 972 2200 14
997 2160 1152 2192 inessent
1167 2159 1305 2192 Ernesti
1478 2162 1520 2193 16

109 2214 304 2237 cremonam
322 2204 372 2244 M,
391 2215 473 2236 corr.
491 2204 534 2235 M
537 2204 547 2224 ¹
687 2214 725 2244 17
750 2204 866 2244 ignem
882 2204 1053 2245 Heinsius,
1073 2204 1204 2237 Halm:
1231 2205 1330 2245 ignes
1344 2203 1485 2237 Ernesti

153 2254 216 2290 34.
245 2258 260 2280 1
286 2258 483 2280 cremonam
500 2248 550 2289 M,
571 2247 659 2280 unde
679 2247 811 2279 Om‘ons
834 2248 965 2279 coniecit
978 2248 1187 2280 Cremonam
1204 2272 1213 2281 .
1231 2271 1240 2281 .
1261 2272 1270 2280 .
1287 2258 1308 2280 a
1328 2248 1518 2290 primordio

109 2292 163 2325 sui
178 2291 254 2324 tulit
270 2292 338 2324 coll.
356 2292 445 2324 Aen.
464 2291 497 2324 ii.
516 2301 581 2332 554
731 2302 752 2323 2
777 2301 840 2323 suo
856 2291 904 2331 M,
925 2292 1110 2332 isuperscr.
1129 2291 1185 2324 M¹
1288 2291 1340 2324 Ti.
1358 2292 1519 2334 Lipsius:

109 2335 164 2369 ..T
181 2335 225 2368 M
281 2335 319 2368 P.
336 2335 468 2368 Halm.
491 2340 527 2367 et
542 2335 604 2367 M:
628 2340 663 2367 et
681 2335 719 2368 P.
740 2334 940 2376 Rhenanus,
955 2336 1023 2368 coll.
1040 2335 1088 2368 A.
1107 2337 1152 2367 xi.
1170 2346 1214 2377 33
1334 2345 1354 2377 5
1372 2336 1520 2369 irrueret

109 2379 154 2413 al.
294 2389 334 2412 10
356 2384 580 2421 aspernantes
597 2379 640 2411 M
773 2389 814 2420 13
837 2380 1071 2412 munificentia
1087 2379 1130 2412 al.

154 2429 260 2466 351
285 2423 463 2456 adsideres
479 2423 613 2464 epuliae
629 2423 673 2455 M
822 2435 843 2463 4
866 2424 1045 2464 ambiguae
1062 2424 1105 2455 M
1263 2433 1285 2465 5
1308 2424 1463 2457 illiricum
1479 2425 1524 2457 M
