1748 2826
1599 3 1602 5 ·
1622 0 1748 22 &newa-v·

193 150 235 188 11
256 161 306 198 32
701 152 977 192 CORNELII
1007 152 1202 193 TACITI

254 263 470 314 Hispanias
490 262 607 302 armis
627 276 708 303 non
729 263 783 303 ita
802 265 1047 313 redundare3
1076 263 1319 315 provinciam
1340 263 1646 314 Narbonensem

252 328 411 368 incursu
441 328 576 368 classis
606 335 646 368 et
671 328 837 368 adverso
863 328 1015 380 proelio
1037 327 1322 368 contremuisse
1337 342 1348 378 3
1376 329 1552 368 clausam
1580 328 1646 368 Al-

195 410 235 432 10
252 393 368 445 pibus
398 400 436 432 et
470 395 580 433 nullo
619 393 735 432 maris
773 393 953 434 subsidio
991 394 1297 445 transpadanam
1337 393 1493 433 Italiam
1525 399 1646 445 atque

251 458 339 510 ipso
359 458 523 498 transitu
550 458 741 498 exercitus
761 466 938 508 vastam3
967 472 1049 498 non
1075 460 1317 499 frumentum
1345 471 1514 510 usquam
1542 471 1646 498 exer-

251 523 360 572 citui,
388 537 462 563 nec
491 523 704 563 exercitum
734 523 819 563 sine
848 523 972 575 copiis
1002 523 1158 564 retineri
1195 537 1338 575 posse:
1376 523 1456 563 iam
1484 525 1645 564 Germa-

250 602 334 637 nos,
357 589 467 639 quod
495 602 619 640 genus
643 588 811 628 militum
835 590 944 640 apud
970 590 1095 629 hostis
1118 588 1409 629 atrocissimum
1437 587 1498 637 sit,
1520 595 1645 628 tracto

250 653 291 692 in
324 660 513 693 aestatem
551 654 667 702 bello,
702 653 815 694 fluxis
848 654 1093 705 corporibus,
1128 653 1389 694 mutationem
1421 652 1496 693 soli
1528 652 1644 694 caeli-

192 731 229 763 15
250 732 327 770 que
347 720 455 758 haud
479 720 721 758 toleraturos.
781 720 907 758 multa
925 719 1028 759 bella
1048 719 1198 771 impetu
1218 718 1347 759 valida
1367 731 1437 771 per
1454 717 1588 759 taedia
1604 722 1645 759 et
1674 716 1675 719 '

251 797 379 823 moras
408 783 622 823 evanuisse.
682 790 819 823 contra
852 783 947 836 ipsis
973 784 1107 824 onmia
1134 785 1323 835 opulenta
1350 790 1390 823 et
1418 784 1510 832 fida,
1541 785 1645 824 Pan-

249 848 411 889 noniam
443 848 639 889 Moesiam
671 848 911 888 Dalmatiam
942 848 1147 889 Orientem
1177 862 1269 888 cum
1291 847 1451 899 integris
1471 847 1645 888 exerciti-

250 915 335 963 bus,
368 914 524 953 Italiam
554 921 593 954 et
621 921 741 965 caput
769 927 898 954 rerum
927 915 1067 954 urbem
1093 921 1355 965 senatumque
1378 920 1417 952 et
1435 914 1641 965 populum,

249 991 468 1029 numquam
497 977 666 1018 obscura
693 978 869 1028 nomina,
889 978 1007 1017 etiam
1037 978 1069 1017 si
1097 977 1312 1029 aliquando
1332 977 1644 1027 obumbrentur3

191 1059 233 1081 20
251 1042 430 1095 publicas
459 1042 708 1094 privatasque
739 1057 834 1094 opes
866 1050 905 1082 et
939 1043 1175 1082 immensam
1206 1042 1430 1095 pecuniam,
1447 1041 1562 1083 inter
1582 1041 1644 1085 ,ci-

250 1107 335 1147 vilis
364 1107 580 1147 discordias
610 1108 711 1147 ferro
741 1107 994 1157 validiorem3
1023 1121 1189 1159 corpora
1217 1107 1387 1147 militum
1415 1113 1484 1147 aut
1504 1106 1643 1148 Italiae

248 1179 360 1212 sueta
378 1179 447 1211 aut
465 1171 639 1212 aestibus
655 1186 667 1221 ;
695 1172 878 1212 obiacere
906 1173 1058 1212 flumen
1085 1173 1251 1220 Padurn,
1274 1178 1377 1211 tutas
1397 1170 1488 1211 viris
1507 1170 1643 1212 muris-

247 1251 325 1289 que
346 1236 464 1285 urbis‚
496 1250 519 1277 e
545 1236 690 1287 quibus
720 1238 869 1276 nullam
898 1236 1002 1276 hosti
1032 1250 1231 1276 cessuram
1255 1235 1483 1276 Placentiae
1508 1236 1642 1276 defen-

246 1301 358 1342 sione
396 1303 667 1353 exploratum:
710 1301 877 1352 proinde
915 1302 1077 1342 duceret
1114 1302 1276 1341 bellum.
1331 1300 1468 1353 paucis
1498 1299 1640 1341 diebus

186 1379 226 1411 25
245 1374 425 1418 quartam
454 1366 652 1406 decimam
685 1365 892 1418 legionem,
926 1380 1070 1418 magna
1101 1366 1228 1418 ipsam
1259 1367 1373 1414 fama,
1407 1379 1500 1406 cum
1529 1367 1642 1405 Moe·

245 1431 334 1471 sicis
364 1430 488 1482 copiis
517 1433 675 1471 adfore:
706 1438 790 1470 tum
819 1445 950 1471 rursus
980 1431 1289 1471 deliberaturum
1312 1437 1361 1479 et,
1385 1429 1418 1470 si
1446 1429 1640 1482 proelium

243 1496 466 1548 placuisset,
489 1498 614 1536 auctis
634 1496 781 1536 viribus
801 1504 1027 1537 certaturos.

170 1576 225 1618 33
405 1561 637 1601 Accedebat
675 1561 893 1601 sententiae
932 1561 1088 1602 Paulini
1126 1561 1278 1601 Marius
1317 1562 1459 1602 Celsus
1473 1575 1485 1610 ;
1531 1561 1639 1601 idem

243 1628 399 1679 plaeere
436 1628 572 1666 Annio
610 1627 739 1675 Gallo,
773 1640 922 1678 paucos
950 1634 1043 1667 ante
1081 1626 1166 1666 dies
1194 1628 1307 1678 lapsu
1336 1626 1430 1678 equi
1465 1625 1637 1675 adflicto,

244 1691 351 1731 missi
381 1691 450 1743 qui
476 1691 684 1731 consilium
711 1690 794 1731 eius
821 1690 1110 1731 sciscitarentur
1128 1693 1368 1731 rettulerant.
1424 1692 1536 1732 Otho
1553 1703 1640 1742 pro-

243 1771 317 1796 nus
346 1758 399 1797 ad
424 1758 709 1797 decertandum
722 1771 733 1806 3
763 1758 879 1796 frater
905 1756 989 1796 eius
1019 1756 1201 1796 Titianus
1227 1763 1267 1796 et
1289 1757 1510 1807 praefectus
1531 1769 1638 1807 prae-

206 1838 223 1869 5
242 1821 331 1861 torii
371 1823 572 1870 Proculus,
613 1821 808 1872 imperitia
846 1828 1110 1873 properantes,
1151 1822 1350 1861 fortunam
1387 1828 1426 1861 et
1463 1821 1562 1860 deos
1599 1827 1639 1860 et

242 1900 392 1927 numen
431 1886 606 1927 Othonis
636 1887 777 1926 adesse
815 1886 999 1936 consiliis,
1030 1887 1167 1926 adfore
1200 1885 1409 1926 conatibus
1442 1884 1638 1926 testaban-

242 1959 317 2001 tur,
347 1965 425 1991 neu
455 1952 541 2002 quis
571 1951 729 1991 obviam
759 1951 814 1992 ire
845 1951 1064 1991 sententiae
1091 1952 1265 2000 auderet,
1295 1950 1336 1990 in
1366 1949 1636 1991 adulationem

242 2024 530 2056 concesserant.
587 2024 800 2068 postquam
830 2017 995 2068 pugnari
1027 2015 1228 2068 placitum,
1263 2015 1452 2056 interesse
1480 2027 1637 2067 pugnae

241 2083 519 2134 imperatorem
546 2094 597 2121 an
627 2081 767 2133 seponi
798 2081 937 2121 melius
971 2082 1071 2121 foret
1101 2080 1344 2121 dubitavere.
1400 2079 1570 2121 Paulino
1596 2086 1636 2120 et

183 2162 221 2185 10
242 2147 361 2187 Celso
392 2147 470 2185 iarn
501 2159 583 2185 non
616 2146 926 2193 adversantibus,
963 2159 1015 2185 ne
1050 2145 1270 2198 principem
1303 2143 1507 2185 obiectare
1538 2142 1636 2195 peri-

243 2254 280 2276 11
303 2248 468 2276 vastatam
487 2243 529 2276 al.
688 2254 726 2283 17
750 2244 942 2276 delmatiam
963 2244 1015 2276 hic
1035 2243 1077 2274 M
1218 2254 1260 2285 19
1278 2244 1308 2276 si
1323 2254 1388 2276 om.
1408 2242 1448 2275 M
1590 2253 1633 2283 23
1670 2280 1672 2282 ,

239 2298 415 2320 censuram
432 2289 476 2320 M
559 2287 759 2319 defensione
775 2287 831 2318 M1
849 2299 857 2319 :
882 2287 1113 2319 defensionem
1133 2287 1173 2318 M
1287 2297 1330 2328 25
1354 2296 1508 2326 magnam
1525 2286 1634 2327 ipsam

239 2333 362 2363 famam
379 2330 422 2361 M
506 2341 582 2362 cum
600 2341 664 2363 om.
682 2330 726 2361 M
810 2331 988 2364 moesaicis
1004 2330 1045 2362 M
1060 2343 1067 2362 :
1093 2330 1271 2363 Moesiacis
1285 2331 1330 2364 al.
1345 2341 1353 2362 ε
1380 2330 1541 2362 Moesicis
1556 2340 1632 2362 cum

238 2375 346 2460 Rigas
373 2428 387 2449 1
413 2417 540 2450 celsum
556 2417 604 2459 M,
623 2427 702 2451 corr.
723 2416 778 2448 M1
986 2427 1003 2458 7
1029 2417 1114 2459 neu]
1131 2428 1175 2449 ne
1191 2416 1315 2450 Mu'ller
1443 2416 1575 2449 audiret
1592 2415 1636 2448 M
