1748 2826
170 156 213 196 11
234 158 290 205 89
683 157 958 197 CORNELII
987 157 1182 197 TACITI

194 281 212 315 5
230 275 417 319 quattuor
454 268 656 320 legionum
693 268 849 320 aquilae
881 283 950 321 per
983 270 1152 308 frontem
1187 268 1435 320 totidemque
1468 268 1571 308 circa
1602 281 1625 308 e

230 330 453 383 legionibus
480 333 566 373 aliis
594 333 744 381 vexilla,
777 347 870 373 mox
898 333 1112 374 duodecim
1146 335 1296 373 alarum
1329 333 1440 385 signa
1469 340 1508 373 et
1535 339 1625 386 post

229 396 410 448 pediturn
430 398 589 437 ordines
613 411 735 449 eques
753 413 764 447 3
792 398 886 438 dein
912 406 1097 450 quattuor
1120 406 1159 438 et
1186 398 1343 450 triginta
1366 400 1561 447 cohortes,
1582 405 1625 438 ut

229 461 392 501 nomina
416 462 594 513 gentium
619 470 687 502 aut
711 465 863 514 species
886 477 1086 503 armorum
1109 466 1250 512 forent,
1271 465 1475 504 discretae.
1531 469 1625 504 ante

228 527 380 577 aquilas
410 527 598 578 praefecti
628 534 845 567 castrorum
875 528 1104 579 tribunique
1130 536 1170 568 et
1199 528 1315 580 primi
1349 527 1626 568 centurionum

171 602 211 626 10
228 590 402 630 candida
433 599 553 640 veste,
589 591 709 632 ceteri
747 593 856 632 iuxta
893 606 1006 632 suam
1044 592 1221 644 quisque,
1244 593 1475 642 centuriam,
1507 592 1626 633 armis

229 655 427 707 donisque
453 658 673 708 sulgentes3
711 665 750 697 et
776 657 947 697 militum
973 659 1158 709 phalerae
1181 666 1423 710 torquesque
1445 659 1626 710 splende-

167 757 170 759 .
229 720 350 760 bant:
390 721 535 761 decora
565 722 685 762 facies
715 730 755 762 et
788 736 870 762 non
901 722 1064 763 Vitellio
1097 723 1275 774 principe
1308 723 1452 774 dignus
1485 721 1626 762 exerci—

229 791 303 824 tus.
362 785 419 825 sic
447 786 691 838 Capitolium
723 787 920 839 ingressus
952 795 1071 839 atque
1105 787 1160 828 ibi
1195 796 1363 828 matrem
1395 790 1626 841 complexus

229 852 434 902 Augustae
461 852 624 892 nomine
653 854 875 892 honoravit.

150 924 209 963 90
391 918 554 956 Postera
582 918 648 957 die
677 925 879 968 tamquam
913 919 1021 969 apud
1055 920 1214 958 alterius
1246 918 1414 958 civitatis
1443 925 1624 958 senatum

228 982 503 1032 populumque
530 983 780 1033 magnificam
809 982 1029 1022 orationem
1062 984 1114 1023 de
1142 990 1268 1022 semet
1300 983 1388 1036 ipso
1420 982 1624 1035 prompsit,

228 1047 462 1086 industriam
499 1048 881 1098 temperantiamque
919 1061 1031 1087 suam
1070 1048 1255 1088 laudibus
1291 1050 1488 1097 attollens,
1533 1061 1625 1088 con·

228 1110 319 1151 sciis
347 1111 584 1163 flagitiorum
612 1112 707 1163 ipsis
737 1111 806 1163 qui
833 1113 998 1152 aderant
1027 1114 1217 1164 omnique
1251 1113 1375 1162 Italia,
1407 1127 1476 1165 per
1503 1126 1624 1166 quarn

191 1190 208 1223 5
227 1189 372 1217 somno
402 1183 442 1216 et
471 1178 565 1216 luxu
595 1178 808 1228 pudendus
841 1179 1063 1218 incesserat.
1122 1180 1260 1229 vulgus
1291 1185 1426 1218 tamen
1454 1191 1624 1219 vacuum

227 1241 330 1281 curis
360 1248 399 1281 et
428 1241 513 1281 sine
541 1242 627 1282 falsi
655 1242 816 1293 verique
842 1242 1070 1283 discrimine
1097 1243 1230 1283 solitas
1259 1244 1506 1284 adulationes
1533 1244 1625 1284 edo-

228 1313 337 1345 ctum
370 1308 543 1346 clamore
576 1314 616 1347 et
648 1307 813 1347 vocibus
847 1308 1100 1359 adstrepebat
1114 1323 1124 1357 3
1166 1308 1438 1359 abnuentique
1475 1321 1624 1349 nomen

226 1372 396 1422 Augusti
427 1385 652 1423 expressere
685 1380 727 1412 ut
759 1373 996 1421 adsumeret,
1032 1380 1113 1413 tam
1147 1374 1287 1413 frustra
1319 1387 1439 1424 quam
1470 1386 1624 1414 recusa-

227 1443 346 1476 verat.

161 1512 210 1550 91
390 1503 512 1553 Apud
541 1503 740 1542 civitatem
773 1510 917 1542 cuncta
946 1504 1270 1554 interpretantem
1300 1504 1445 1544 funesti
1478 1502 1623 1543 ominis

227 1567 318 1606 loco
345 1575 554 1618 acceptum
583 1575 642 1607 est
671 1569 781 1619 quod
810 1568 1027 1608 maximum
1056 1568 1332 1619 pontificatum
1360 1569 1529 1620 adeptus
1557 1567 1624 1608 Vi-

227 1630 357 1671 tellius
394 1633 446 1671 de
486 1631 735 1672 caerimoniis
779 1633 949 1683 publicis
987 1645 1044 1672 xv
1081 1634 1268 1674 kalendas
1307 1635 1506 1685 Augustas
1543 1632 1624 1674 edi·

225 1697 355 1745 xisset,
391 1698 608 1748 antiquitus
642 1698 814 1737 infausto
846 1697 911 1738 die
945 1699 1193 1739 Cremerensi
1224 1698 1472 1750 Alliensique
1504 1697 1623 1738 cladi·

188 1775 206 1808 5
225 1762 324 1803 bus:
363 1763 466 1802 adeo
497 1762 626 1802 omnis
657 1763 822 1802 humani
856 1762 1060 1814 divinique
1091 1763 1183 1802 iuris
1216 1776 1365 1815 expers,
1396 1763 1480 1815 pari
1510 1762 1624 1810 liber,-

224 1835 355 1867 torum
396 1827 616 1867 amicorum
658 1827 852 1877 socordia„
892 1829 1000 1867 velut
1044 1829 1146 1868 inter
1187 1830 1426 1868 temulentos
1466 1828 1619 1879 agebat.

224 1894 295 1932 sed
323 1892 484 1932 comitia
511 1894 720 1932 consulum
749 1906 841 1932 cum
869 1892 1090 1933 candidatis
1118 1891 1282 1932 civiliter
1309 1893 1512 1933 celebrans
1540 1905 1623 1933 om-

225 1972 317 1998 nem
359 1957 520 1997 infimae
564 1958 693 2009 plebis
735 1971 935 1998 rumorem
977 1958 1019 1997 in
1058 1960 1212 1998 theatro
1250 1965 1295 1998 ut
1333 1965 1541 2009 spectator,
1579 1956 1621 1996 in
1668 2001 1671 2003 ,

225 2023 329 2063 circo
362 2029 405 2061 ut
443 2024 571 2062 fautor
601 2023 836 2063 adfectavit:
876 2037 979 2075 quae
1007 2031 1115 2075 grata
1147 2037 1243 2064 sane
1275 2030 1315 2064 et
1346 2022 1563 2075 popularia,
1587 2021 1622 2062 si

169 2102 248 2128 roa
280 2087 487 2127 virtutibus
521 2088 871 2139 proficiscerentur,
905 2089 1095 2128 memoria
1128 2088 1230 2128 vitae
1262 2087 1400 2140 prioris
1433 2087 1621 2128 indecora

225 2161 264 2193 et
283 2152 374 2192 vilia
397 2152 702 2204 accipiebantur.
751 2154 969 2194 ventitabat
996 2155 1036 2193 in
1063 2161 1255 2202 senatum,
1277 2153 1396 2194 etiam
1422 2166 1514 2192 cum
1537 2166 1620 2205 par-

224 2266 244 2297 5
269 2256 492 2298 totidemque]
516 2262 716 2299 septemque
744 2258 973 2300 Valmaggiex
988 2270 1012 2290 c.
1031 2270 1091 2290 100
1179 2269 1200 2299 9
1223 2258 1400 2301 aquilasbz
1424 2256 1535 2297 aquila
1552 2256 1594 2287 M

268 2307 335 2341 90.
362 2310 382 2331 2
409 2300 483 2340 ipse
499 2299 609 2333 Ritter
738 2313 758 2341 4
784 2302 889 2343 ipsius
906 2302 1011 2334 Ritter
1100 2302 1231 2334 Italiam
1247 2302 1288 2333 M

228 2370 231 2372 ,
268 2351 325 2384 91.
350 2354 365 2374 1
391 2342 479 2375 om'i's
495 2343 537 2374 M
695 2354 715 2384 3
740 2346 892 2385 quintum
918 2346 1084 2377 decimum
1112 2346 1218 2377 Ritter
1302 2343 1492 2385 Augustas]
1519 2347 1562 2383 fig
1580 2341 1622 2374 M

223 2388 244 2418 6
267 2387 519 2427 amicorumque
536 2387 579 2418 al.
715 2398 735 2428 9
760 2388 912 2429 populari
931 2389 1020 2430 asyal
1040 2389 1082 2420 M
