<?xml version="1.0" encoding="UTF-8"?>
<!DOCTYPE html PUBLIC "-//W3C//DTD XHTML 1.0 Transitional//EN"
    "http://www.w3.org/TR/xhtml1/DTD/xhtml1-transitional.dtd">
<html xmlns="http://www.w3.org/1999/xhtml" xml:lang="en" lang="en">
 <head>
  <title>
</title>
<meta http-equiv="Content-Type" content="text/html;charset=utf-8" />
  <meta name='ocr-system' content='tesseract 3.04.00' />
  <meta name='ocr-capabilities' content='ocr_page ocr_carea ocr_par ocr_line ocrx_word'/>
</head>
<body>
  <div class='ocr_page' id='page_1' title='image "./historiarumlibri00taciuoft_0142.png"; bbox 0 0 1748 2826; ppageno 0'>
   <div class='ocr_carea' id='block_1_1' title="bbox 200 131 1230 178">
    <p class='ocr_par' dir='ltr' id='par_1_1' title="bbox 200 131 1230 178">
     <span class='ocr_line' id='line_1_1' title="bbox 200 131 1230 178; baseline 0.005 -7"><span class='ocrx_word' id='word_1_1' title='bbox 200 131 262 178; x_wconf 77' lang='lat' dir='ltr'><strong>[II</strong></span> <span class='ocrx_word' id='word_1_2' title='bbox 281 141 325 169; x_wconf 83' lang='lat'><strong>21</strong></span> <span class='ocrx_word' id='word_1_3' title='bbox 729 135 1005 176; x_wconf 92' lang='lat' dir='ltr'><strong>CORNELII</strong></span> <span class='ocrx_word' id='word_1_4' title='bbox 1034 138 1230 178; x_wconf 88' lang='lat' dir='ltr'>TAC1T1</span> 
     </span>
    </p>
   </div>
   <div class='ocr_carea' id='block_1_2' title="bbox 205 243 1673 2120">
    <p class='ocr_par' dir='ltr' id='par_1_2' title="bbox 247 243 1673 434">
     <span class='ocr_line' id='line_1_2' title="bbox 247 243 1673 298; baseline 0.007 -16"><span class='ocrx_word' id='word_1_5' title='bbox 247 283 251 288; x_wconf 80' lang='grc'><strong>,</strong></span> <span class='ocrx_word' id='word_1_6' title='bbox 277 243 420 283; x_wconf 89' lang='lat' dir='ltr'><strong>mentis</strong></span> <span class='ocrx_word' id='word_1_7' title='bbox 458 244 631 285; x_wconf 91' lang='lat' dir='ltr'><strong>consiliis</strong></span> <span class='ocrx_word' id='word_1_8' title='bbox 665 246 778 286; x_wconf 90' lang='lat' dir='ltr'><strong>ducis</strong></span> <span class='ocrx_word' id='word_1_9' title='bbox 811 247 973 298; x_wconf 91' lang='lat' dir='ltr'><strong>aperuit.</strong></span> <span class='ocrx_word' id='word_1_10' title='bbox 1032 247 1168 288; x_wconf 85' lang='lat' dir='ltr'><strong>sistere</strong></span> <span class='ocrx_word' id='word_1_11' title='bbox 1203 249 1359 288; x_wconf 85' lang='lat' dir='ltr'><strong>tertiam</strong></span> <span class='ocrx_word' id='word_1_12' title='bbox 1392 249 1590 291; x_wconf 87' lang='lat' dir='ltr'><strong>decimam</strong></span> <span class='ocrx_word' id='word_1_13' title='bbox 1621 252 1673 292; x_wconf 89' lang='lat' dir='ltr'><strong>le-</strong></span> 
     </span>
     <span class='ocr_line' id='line_1_3' title="bbox 274 309 1673 366; baseline 0.006 -18"><span class='ocrx_word' id='word_1_14' title='bbox 274 309 434 361; x_wconf 89' lang='lat' dir='ltr'><strong>gionem</strong></span> <span class='ocrx_word' id='word_1_15' title='bbox 472 311 514 350; x_wconf 87' lang='lat' dir='ltr'><strong>in</strong></span> <span class='ocrx_word' id='word_1_16' title='bbox 550 311 638 363; x_wconf 92' lang='lat' dir='ltr'><strong>ipso</strong></span> <span class='ocrx_word' id='word_1_17' title='bbox 671 311 756 352; x_wconf 90' lang='lat' dir='ltr'><strong>viae</strong></span> <span class='ocrx_word' id='word_1_18' title='bbox 795 314 1022 354; x_wconf 87' lang='lat' dir='ltr'>Postumiae</span> <span class='ocrx_word' id='word_1_19' title='bbox 1054 328 1194 366; x_wconf 84' lang='lat' dir='ltr'>aggere</span> <span class='ocrx_word' id='word_1_20' title='bbox 1223 315 1343 364; x_wconf 91' lang='lat' dir='ltr'><strong>iubet,</strong></span> <span class='ocrx_word' id='word_1_21' title='bbox 1377 315 1442 356; x_wconf 90' lang='lat' dir='ltr'><strong>cui</strong></span> <span class='ocrx_word' id='word_1_22' title='bbox 1479 315 1614 359; x_wconf 78' lang='lat' dir='ltr'><strong>iuncta</strong></span> <span class='ocrx_word' id='word_1_23' title='bbox 1647 330 1673 357; x_wconf 89' lang='lat' dir='ltr'><strong>a</strong></span> 
     </span>
     <span class='ocr_line' id='line_1_4' title="bbox 275 369 1673 434; baseline 0.006 -21"><span class='ocrx_word' id='word_1_24' title='bbox 275 369 387 414; x_wconf 89' lang='lat' dir='ltr'><strong>laevo</strong></span> <span class='ocrx_word' id='word_1_25' title='bbox 419 376 587 427; x_wconf 88' lang='lat' dir='ltr'><strong>septima</strong></span> <span class='ocrx_word' id='word_1_26' title='bbox 624 377 819 417; x_wconf 81' lang='lat' dir='ltr'>Galbiana</span> <span class='ocrx_word' id='word_1_27' title='bbox 856 379 1005 429; x_wconf 91' lang='lat' dir='ltr'><strong>patenti</strong></span> <span class='ocrx_word' id='word_1_28' title='bbox 1043 393 1186 431; x_wconf 89' lang='lat' dir='ltr'><strong>campo</strong></span> <span class='ocrx_word' id='word_1_29' title='bbox 1224 381 1341 429; x_wconf 90' lang='lat' dir='ltr'><strong>stetit,</strong></span> <span class='ocrx_word' id='word_1_30' title='bbox 1373 380 1467 421; x_wconf 91' lang='lat' dir='ltr'><strong>dein</strong></span> <span class='ocrx_word' id='word_1_31' title='bbox 1505 381 1673 434; x_wconf 88' lang='lat' dir='ltr'><strong>septima</strong></span> 
     </span>
    </p>

    <p class='ocr_par' dir='ltr' id='par_1_3' title="bbox 217 439 1673 758">
     <span class='ocr_line' id='line_1_5' title="bbox 217 439 1671 498; baseline 0.01 -23"><span class='ocrx_word' id='word_1_32' title='bbox 217 453 256 476; x_wconf 87' lang='lat'><strong>10</strong></span> <span class='ocrx_word' id='word_1_33' title='bbox 276 439 507 489; x_wconf 88' lang='lat' dir='ltr'><strong>Claudiana,</strong></span> <span class='ocrx_word' id='word_1_34' title='bbox 543 441 684 493; x_wconf 85' lang='lat' dir='ltr'>agresti</span> <span class='ocrx_word' id='word_1_35' title='bbox 714 444 819 482; x_wconf 90' lang='lat' dir='ltr'><strong>fossa</strong></span> <span class='ocrx_word' id='word_1_36' title='bbox 846 442 918 495; x_wconf 90' lang='lat' dir='ltr'><strong>(ita</strong></span> <span class='ocrx_word' id='word_1_37' title='bbox 946 445 1058 484; x_wconf 90' lang='lat' dir='ltr'><strong>locus</strong></span> <span class='ocrx_word' id='word_1_38' title='bbox 1092 445 1192 498; x_wconf 89' lang='lat' dir='ltr'><strong>erat)</strong></span> <span class='ocrx_word' id='word_1_39' title='bbox 1220 447 1494 497; x_wconf 86' lang='lat' dir='ltr'><strong>praemunita;</strong></span> <span class='ocrx_word' id='word_1_40' title='bbox 1530 449 1671 490; x_wconf 87' lang='lat' dir='ltr'><strong>dextro</strong></span> 
     </span>
     <span class='ocr_line' id='line_1_6' title="bbox 275 507 1673 557; baseline 0.007 -14"><span class='ocrx_word' id='word_1_41' title='bbox 275 511 414 544; x_wconf 88' lang='lat' dir='ltr'><strong>octava</strong></span> <span class='ocrx_word' id='word_1_42' title='bbox 434 519 503 556; x_wconf 92' lang='lat' dir='ltr'><strong>per</strong></span> <span class='ocrx_word' id='word_1_43' title='bbox 533 513 713 557; x_wconf 89' lang='lat' dir='ltr'><strong>apertum</strong></span> <span class='ocrx_word' id='word_1_44' title='bbox 742 507 919 556; x_wconf 90' lang='lat' dir='ltr'><strong>limitem,</strong></span> <span class='ocrx_word' id='word_1_45' title='bbox 952 522 1044 548; x_wconf 86' lang='lat' dir='ltr'><strong>mox</strong></span> <span class='ocrx_word' id='word_1_46' title='bbox 1069 509 1182 549; x_wconf 91' lang='lat' dir='ltr'><strong>tertia</strong></span> <span class='ocrx_word' id='word_1_47' title='bbox 1204 511 1338 551; x_wconf 91' lang='lat' dir='ltr'><strong>densis</strong></span> <span class='ocrx_word' id='word_1_48' title='bbox 1363 511 1532 552; x_wconf 83' lang='lat' dir='ltr'><strong>arbustis</strong></span> <span class='ocrx_word' id='word_1_49' title='bbox 1556 511 1673 553; x_wconf 90' lang='lat' dir='ltr'><strong>inter-</strong></span> 
     </span>
     <span class='ocr_line' id='line_1_7' title="bbox 277 570 1672 630; baseline 0.006 -22"><span class='ocrx_word' id='word_1_50' title='bbox 277 576 397 620; x_wconf 83' lang='lat' dir='ltr'><strong>septa.</strong></span> <span class='ocrx_word' id='word_1_51' title='bbox 456 570 521 610; x_wconf 91' lang='lat' dir='ltr'><strong>hic</strong></span> <span class='ocrx_word' id='word_1_52' title='bbox 551 572 771 622; x_wconf 89' lang='lat' dir='ltr'><strong>aquilarum</strong></span> <span class='ocrx_word' id='word_1_53' title='bbox 803 572 1084 625; x_wconf 90' lang='lat' dir='ltr'><strong>signorumque</strong></span> <span class='ocrx_word' id='word_1_54' title='bbox 1115 576 1238 615; x_wconf 91' lang='lat' dir='ltr'><strong>ordo:</strong></span> <span class='ocrx_word' id='word_1_55' title='bbox 1286 575 1430 616; x_wconf 88' lang='lat' dir='ltr'><strong>milites</strong></span> <span class='ocrx_word' id='word_1_56' title='bbox 1461 575 1573 616; x_wconf 86' lang='lat' dir='ltr'><strong>mixti</strong></span> <span class='ocrx_word' id='word_1_57' title='bbox 1602 590 1672 630; x_wconf 92' lang='lat' dir='ltr'><strong>per</strong></span> 
     </span>
     <span class='ocr_line' id='line_1_8' title="bbox 276 636 1671 693; baseline 0.006 -19"><span class='ocrx_word' id='word_1_58' title='bbox 276 636 468 685; x_wconf 84' lang='lat' dir='ltr'><strong>tenebras,</strong></span> <span class='ocrx_word' id='word_1_59' title='bbox 502 644 545 676; x_wconf 91' lang='lat' dir='ltr'><strong>ut</strong></span> <span class='ocrx_word' id='word_1_60' title='bbox 584 639 662 676; x_wconf 89' lang='lat' dir='ltr'><strong>fors</strong></span> <span class='ocrx_word' id='word_1_61' title='bbox 700 639 841 677; x_wconf 91' lang='lat' dir='ltr'><strong>tulerat</strong></span> <span class='ocrx_word' id='word_1_62' title='bbox 854 653 865 687; x_wconf 80' lang='lat'><em>3</em></span> <span class='ocrx_word' id='word_1_63' title='bbox 903 639 1195 690; x_wconf 87' lang='lat' dir='ltr'><strong>praetorianum</strong></span> <span class='ocrx_word' id='word_1_64' title='bbox 1229 640 1415 680; x_wconf 87' lang='lat' dir='ltr'><strong>vexillum</strong></span> <span class='ocrx_word' id='word_1_65' title='bbox 1448 641 1671 693; x_wconf 89' lang='lat' dir='ltr'><strong>proximum</strong></span> 
     </span>
     <span class='ocr_line' id='line_1_9' title="bbox 276 700 1672 758; baseline 0.006 -19"><span class='ocrx_word' id='word_1_66' title='bbox 276 700 462 750; x_wconf 91' lang='lat' dir='ltr'><strong>tertianis,</strong></span> <span class='ocrx_word' id='word_1_67' title='bbox 499 703 681 741; x_wconf 89' lang='lat' dir='ltr'><strong>cohortes</strong></span> <span class='ocrx_word' id='word_1_68' title='bbox 724 702 958 743; x_wconf 87' lang='lat' dir='ltr'><strong>auxiliorum</strong></span> <span class='ocrx_word' id='word_1_69' title='bbox 996 703 1038 742; x_wconf 93' lang='lat' dir='ltr'><strong>in</strong></span> <span class='ocrx_word' id='word_1_70' title='bbox 1079 705 1278 754; x_wconf 91' lang='lat' dir='ltr'><strong>cornibus,</strong></span> <span class='ocrx_word' id='word_1_71' title='bbox 1318 706 1440 746; x_wconf 87' lang='lat' dir='ltr'><strong>latera</strong></span> <span class='ocrx_word' id='word_1_72' title='bbox 1479 719 1527 747; x_wconf 87' lang='lat' dir='ltr'><strong>ac</strong></span> <span class='ocrx_word' id='word_1_73' title='bbox 1564 713 1672 758; x_wconf 85' lang='lat' dir='ltr'><strong>terga</strong></span> 
     </span>
    </p>

    <p class='ocr_par' dir='ltr' id='par_1_4' title="bbox 217 765 1671 883">
     <span class='ocr_line' id='line_1_10' title="bbox 217 765 1671 819; baseline 0.006 -15"><span class='ocrx_word' id='word_1_74' title='bbox 217 779 256 812; x_wconf 87' lang='lat'><strong>15</strong></span> <span class='ocrx_word' id='word_1_75' title='bbox 276 765 410 816; x_wconf 91' lang='lat' dir='ltr'><strong>equite</strong></span> <span class='ocrx_word' id='word_1_76' title='bbox 442 766 708 815; x_wconf 81' lang='lat' dir='ltr'><strong>circumdata3</strong></span> <span class='ocrx_word' id='word_1_77' title='bbox 749 767 845 807; x_wconf 92' lang='lat' dir='ltr'><strong>Sido</strong></span> <span class='ocrx_word' id='word_1_78' title='bbox 875 775 995 819; x_wconf 90' lang='lat' dir='ltr'><strong>atque</strong></span> <span class='ocrx_word' id='word_1_79' title='bbox 1030 769 1190 810; x_wconf 88' lang='lat' dir='ltr'><strong>Italicus</strong></span> <span class='ocrx_word' id='word_1_80' title='bbox 1225 769 1345 810; x_wconf 89' lang='lat' dir='ltr'><strong>Suebi</strong></span> <span class='ocrx_word' id='word_1_81' title='bbox 1374 784 1467 812; x_wconf 90' lang='lat' dir='ltr'><strong>cum</strong></span> <span class='ocrx_word' id='word_1_82' title='bbox 1505 771 1671 814; x_wconf 89' lang='lat' dir='ltr'><strong>delectis</strong></span> 
     </span>
     <span class='ocr_line' id='line_1_11' title="bbox 277 831 1157 883; baseline 0.005 -13"><span class='ocrx_word' id='word_1_83' title='bbox 277 831 527 882; x_wconf 91' lang='lat' dir='ltr'><strong>popularium</strong></span> <span class='ocrx_word' id='word_1_84' title='bbox 547 832 707 883; x_wconf 91' lang='lat' dir='ltr'><strong>primori</strong></span> <span class='ocrx_word' id='word_1_85' title='bbox 728 832 768 871; x_wconf 95' lang='lat' dir='ltr'><strong>in</strong></span> <span class='ocrx_word' id='word_1_86' title='bbox 787 833 872 873; x_wconf 90' lang='lat' dir='ltr'><strong>acie</strong></span> <span class='ocrx_word' id='word_1_87' title='bbox 892 835 1157 875; x_wconf 86' lang='lat' dir='ltr'><strong>versabantur.</strong></span> 
     </span>
    </p>

    <p class='ocr_par' dir='ltr' id='par_1_5' title="bbox 205 896 1672 1149">
     <span class='ocr_line' id='line_1_12' title="bbox 205 896 1672 951; baseline 0.006 -17"><span class='ocrx_word' id='word_1_88' title='bbox 205 905 257 935; x_wconf 84' lang='lat'><strong>22</strong></span> <span class='ocrx_word' id='word_1_89' title='bbox 437 898 492 935; x_wconf 92' lang='lat' dir='ltr'><strong>At</strong></span> <span class='ocrx_word' id='word_1_90' title='bbox 525 896 759 936; x_wconf 89' lang='lat' dir='ltr'><strong>Vitellianus</strong></span> <span class='ocrx_word' id='word_1_91' title='bbox 802 898 1004 946; x_wconf 88' lang='lat' dir='ltr'><strong>exercitus,</strong></span> <span class='ocrx_word' id='word_1_92' title='bbox 1049 899 1113 938; x_wconf 94' lang='lat' dir='ltr'><strong>cui</strong></span> <span class='ocrx_word' id='word_1_93' title='bbox 1154 899 1411 951; x_wconf 84' lang='lat' dir='ltr'><strong>adquiescere</strong></span> <span class='ocrx_word' id='word_1_94' title='bbox 1448 902 1672 943; x_wconf 81' lang='lat' dir='ltr'><strong>Cremonae</strong></span> 
     </span>
     <span class='ocr_line' id='line_1_13' title="bbox 275 959 1670 1018; baseline 0.006 -20"><span class='ocrx_word' id='word_1_95' title='bbox 275 966 314 998; x_wconf 94' lang='lat' dir='ltr'><strong>et</strong></span> <span class='ocrx_word' id='word_1_96' title='bbox 342 959 566 1011; x_wconf 90' lang='lat' dir='ltr'><strong>reciperatis</strong></span> <span class='ocrx_word' id='word_1_97' title='bbox 595 961 687 1000; x_wconf 93' lang='lat' dir='ltr'><strong>cibo</strong></span> <span class='ocrx_word' id='word_1_98' title='bbox 716 975 939 1013; x_wconf 86' lang='lat' dir='ltr'><strong>somnoque</strong></span> <span class='ocrx_word' id='word_1_99' title='bbox 958 963 1106 1003; x_wconf 91' lang='lat' dir='ltr'><strong>viribus</strong></span> <span class='ocrx_word' id='word_1_100' title='bbox 1135 966 1363 1005; x_wconf 90' lang='lat' dir='ltr'><strong>confectum</strong></span> <span class='ocrx_word' id='word_1_101' title='bbox 1390 967 1523 1017; x_wconf 89' lang='lat' dir='ltr'><strong>algore</strong></span> <span class='ocrx_word' id='word_1_102' title='bbox 1550 973 1670 1018; x_wconf 88' lang='lat' dir='ltr'><strong>atque</strong></span> 
     </span>
     <span class='ocr_line' id='line_1_14' title="bbox 274 1023 1670 1082; baseline 0.007 -20"><span class='ocrx_word' id='word_1_103' title='bbox 274 1023 408 1063; x_wconf 90' lang='lat' dir='ltr'><strong>inedia</strong></span> <span class='ocrx_word' id='word_1_104' title='bbox 440 1026 596 1064; x_wconf 89' lang='lat' dir='ltr'><strong>hostem</strong></span> <span class='ocrx_word' id='word_1_105' title='bbox 627 1031 784 1076; x_wconf 88' lang='lat' dir='ltr'><strong>postera</strong></span> <span class='ocrx_word' id='word_1_106' title='bbox 821 1026 886 1066; x_wconf 92' lang='lat' dir='ltr'><strong>die</strong></span> <span class='ocrx_word' id='word_1_107' title='bbox 916 1027 1122 1079; x_wconf 88' lang='lat' dir='ltr'><strong>profligare</strong></span> <span class='ocrx_word' id='word_1_108' title='bbox 1153 1042 1201 1068; x_wconf 89' lang='lat' dir='ltr'><strong>ac</strong></span> <span class='ocrx_word' id='word_1_109' title='bbox 1233 1043 1418 1080; x_wconf 87' lang='lat' dir='ltr'><strong>proruere</strong></span> <span class='ocrx_word' id='word_1_110' title='bbox 1449 1030 1548 1072; x_wconf 87' lang='lat' dir='ltr'><strong>ratio</strong></span> <span class='ocrx_word' id='word_1_111' title='bbox 1585 1032 1670 1082; x_wconf 83' lang='lat' dir='ltr'><strong>fuit,</strong></span> 
     </span>
     <span class='ocr_line' id='line_1_15' title="bbox 276 1088 1672 1149; baseline 0.006 -21"><span class='ocrx_word' id='word_1_112' title='bbox 276 1088 432 1140; x_wconf 89' lang='lat' dir='ltr'><strong>indigus</strong></span> <span class='ocrx_word' id='word_1_113' title='bbox 466 1090 636 1138; x_wconf 88' lang='lat' dir='ltr'><strong>rectoris,</strong></span> <span class='ocrx_word' id='word_1_114' title='bbox 673 1090 788 1142; x_wconf 92' lang='lat' dir='ltr'><strong>inops</strong></span> <span class='ocrx_word' id='word_1_115' title='bbox 821 1091 985 1140; x_wconf 91' lang='lat' dir='ltr'><strong>consilii,</strong></span> <span class='ocrx_word' id='word_1_116' title='bbox 1020 1092 1133 1132; x_wconf 88' lang='lat' dir='ltr'><strong>tertia</strong></span> <span class='ocrx_word' id='word_1_117' title='bbox 1160 1094 1283 1134; x_wconf 91' lang='lat' dir='ltr'><strong>ferme</strong></span> <span class='ocrx_word' id='word_1_118' title='bbox 1315 1094 1443 1135; x_wconf 93' lang='lat' dir='ltr'><strong>noctis</strong></span> <span class='ocrx_word' id='word_1_119' title='bbox 1477 1097 1575 1137; x_wconf 91' lang='lat' dir='ltr'><strong>hora</strong></span> <span class='ocrx_word' id='word_1_120' title='bbox 1607 1111 1672 1149; x_wconf 88' lang='lat' dir='ltr'><strong>pa-</strong></span> 
     </span>
    </p>

    <p class='ocr_par' dir='ltr' id='par_1_6' title="bbox 235 1154 1671 1471">
     <span class='ocr_line' id='line_1_16' title="bbox 235 1154 1669 1213; baseline 0.007 -20"><span class='ocrx_word' id='word_1_121' title='bbox 235 1168 255 1201; x_wconf 83' lang='lat'>5</span> <span class='ocrx_word' id='word_1_122' title='bbox 276 1154 367 1194; x_wconf 89' lang='lat' dir='ltr'><strong>ratis</strong></span> <span class='ocrx_word' id='word_1_123' title='bbox 387 1155 465 1194; x_wconf 89' lang='lat' dir='ltr'><strong>iam</strong></span> <span class='ocrx_word' id='word_1_124' title='bbox 486 1155 767 1207; x_wconf 90' lang='lat' dir='ltr'><strong>dispositisque</strong></span> <span class='ocrx_word' id='word_1_125' title='bbox 789 1157 983 1197; x_wconf 91' lang='lat' dir='ltr'><strong>Flavianis</strong></span> <span class='ocrx_word' id='word_1_126' title='bbox 1003 1157 1243 1210; x_wconf 87' lang='lat' dir='ltr'><strong>impingitur.</strong></span> <span class='ocrx_word' id='word_1_127' title='bbox 1299 1160 1481 1201; x_wconf 88' lang='lat' dir='ltr'><strong>ordinem</strong></span> <span class='ocrx_word' id='word_1_128' title='bbox 1499 1161 1669 1213; x_wconf 83' lang='lat' dir='ltr'><strong>agminis</strong></span> 
     </span>
     <span class='ocr_line' id='line_1_17' title="bbox 275 1221 1671 1278; baseline 0.006 -18"><span class='ocrx_word' id='word_1_129' title='bbox 275 1221 430 1261; x_wconf 90' lang='lat' dir='ltr'><strong>disiecti</strong></span> <span class='ocrx_word' id='word_1_130' title='bbox 464 1235 533 1272; x_wconf 92' lang='lat' dir='ltr'><strong>per</strong></span> <span class='ocrx_word' id='word_1_131' title='bbox 564 1221 661 1261; x_wconf 92' lang='lat' dir='ltr'><strong>iram</strong></span> <span class='ocrx_word' id='word_1_132' title='bbox 695 1235 742 1261; x_wconf 92' lang='lat' dir='ltr'><strong>ac</strong></span> <span class='ocrx_word' id='word_1_133' title='bbox 771 1223 954 1262; x_wconf 90' lang='lat' dir='ltr'><strong>tenebras</strong></span> <span class='ocrx_word' id='word_1_134' title='bbox 982 1225 1213 1264; x_wconf 88' lang='lat' dir='ltr'><strong>adseverare</strong></span> <span class='ocrx_word' id='word_1_135' title='bbox 1246 1238 1330 1265; x_wconf 93' lang='lat' dir='ltr'><strong>non</strong></span> <span class='ocrx_word' id='word_1_136' title='bbox 1362 1226 1501 1275; x_wconf 89' lang='lat' dir='ltr'><strong>ausim,</strong></span> <span class='ocrx_word' id='word_1_137' title='bbox 1534 1240 1671 1278; x_wconf 87' lang='lat' dir='ltr'><strong>quam·</strong></span> 
     </span>
     <span class='ocr_line' id='line_1_18' title="bbox 276 1286 1670 1337; baseline 0.005 -12"><span class='ocrx_word' id='word_1_138' title='bbox 276 1300 396 1337; x_wconf 90' lang='lat' dir='ltr'><strong>quam</strong></span> <span class='ocrx_word' id='word_1_139' title='bbox 422 1286 489 1326; x_wconf 90' lang='lat' dir='ltr'><strong>alii</strong></span> <span class='ocrx_word' id='word_1_140' title='bbox 510 1286 742 1326; x_wconf 87' lang='lat' dir='ltr'><strong>tradiderint</strong></span> <span class='ocrx_word' id='word_1_141' title='bbox 762 1294 941 1337; x_wconf 87' lang='lat' dir='ltr'><strong>quartam</strong></span> <span class='ocrx_word' id='word_1_142' title='bbox 969 1288 1278 1329; x_wconf 88' lang='lat' dir='ltr'><strong>Macedonicam</strong></span> <span class='ocrx_word' id='word_1_143' title='bbox 1304 1291 1486 1331; x_wconf 87' lang='lat' dir='ltr'><strong>dextrum</strong></span> <span class='ocrx_word' id='word_1_144' title='bbox 1508 1305 1670 1332; x_wconf 91' lang='lat' dir='ltr'><strong>suorum</strong></span> 
     </span>
     <span class='ocr_line' id='line_1_19' title="bbox 275 1351 1670 1402; baseline 0.005 -12"><span class='ocrx_word' id='word_1_145' title='bbox 275 1365 409 1399; x_wconf 90' lang='lat' dir='ltr'><strong>cornu,</strong></span> <span class='ocrx_word' id='word_1_146' title='bbox 442 1353 621 1402; x_wconf 89' lang='lat' dir='ltr'><strong>quintam</strong></span> <span class='ocrx_word' id='word_1_147' title='bbox 650 1359 690 1391; x_wconf 89' lang='lat' dir='ltr'><strong>et</strong></span> <span class='ocrx_word' id='word_1_148' title='bbox 718 1351 897 1402; x_wconf 87' lang='lat' dir='ltr'><strong>quintam</strong></span> <span class='ocrx_word' id='word_1_149' title='bbox 926 1352 1124 1392; x_wconf 88' lang='lat' dir='ltr'><strong>decimam</strong></span> <span class='ocrx_word' id='word_1_150' title='bbox 1153 1367 1245 1393; x_wconf 91' lang='lat' dir='ltr'><strong>cum</strong></span> <span class='ocrx_word' id='word_1_151' title='bbox 1273 1354 1422 1395; x_wconf 87' lang='lat' dir='ltr'><strong>vexillis</strong></span> <span class='ocrx_word' id='word_1_152' title='bbox 1451 1369 1582 1396; x_wconf 89' lang='lat' dir='ltr'><strong>nonae</strong></span> <span class='ocrx_word' id='word_1_153' title='bbox 1613 1369 1670 1396; x_wconf 88' lang='lat' dir='ltr'><strong>se-</strong></span> 
     </span>
     <span class='ocr_line' id='line_1_20' title="bbox 275 1416 1669 1471; baseline 0.004 -16"><span class='ocrx_word' id='word_1_154' title='bbox 275 1418 510 1468; x_wconf 90' lang='lat' dir='ltr'><strong>cundaeque</strong></span> <span class='ocrx_word' id='word_1_155' title='bbox 547 1424 587 1456; x_wconf 91' lang='lat' dir='ltr'><strong>et</strong></span> <span class='ocrx_word' id='word_1_156' title='bbox 624 1416 862 1456; x_wconf 87' lang='lat' dir='ltr'><strong>vicensimae</strong></span> <span class='ocrx_word' id='word_1_157' title='bbox 902 1417 1218 1458; x_wconf 90' lang='lat' dir='ltr'><strong>Britannicarum</strong></span> <span class='ocrx_word' id='word_1_158' title='bbox 1255 1421 1458 1471; x_wconf 89' lang='lat' dir='ltr'><strong>legionum</strong></span> <span class='ocrx_word' id='word_1_159' title='bbox 1496 1420 1669 1462; x_wconf 86' lang='lat' dir='ltr'><strong>mediam</strong></span> 
     </span>
    </p>

    <p class='ocr_par' dir='ltr' id='par_1_7' title="bbox 217 1481 1670 1798">
     <span class='ocr_line' id='line_1_21' title="bbox 217 1481 1669 1537; baseline 0.003 -16"><span class='ocrx_word' id='word_1_160' title='bbox 217 1499 257 1522; x_wconf 90' lang='lat'><strong>10</strong></span> <span class='ocrx_word' id='word_1_161' title='bbox 275 1484 412 1531; x_wconf 88' lang='lat' dir='ltr'><strong>aciem,</strong></span> <span class='ocrx_word' id='word_1_162' title='bbox 458 1481 798 1522; x_wconf 87' lang='lat' dir='ltr'><strong>sextadecimanos</strong></span> <span class='ocrx_word' id='word_1_163' title='bbox 838 1483 1335 1536; x_wconf 87' lang='lat' dir='ltr'><strong>duoetvicensimanosque</strong></span> <span class='ocrx_word' id='word_1_164' title='bbox 1383 1492 1423 1525; x_wconf 91' lang='lat' dir='ltr'><strong>et</strong></span> <span class='ocrx_word' id='word_1_165' title='bbox 1468 1485 1669 1537; x_wconf 86' lang='lat' dir='ltr'><strong>primanos</strong></span> 
     </span>
     <span class='ocr_line' id='line_1_22' title="bbox 274 1549 1669 1600; baseline 0.002 -12"><span class='ocrx_word' id='word_1_166' title='bbox 274 1550 431 1588; x_wconf 91' lang='lat' dir='ltr'><strong>laevum</strong></span> <span class='ocrx_word' id='word_1_167' title='bbox 460 1561 584 1587; x_wconf 93' lang='lat' dir='ltr'><strong>cornu</strong></span> <span class='ocrx_word' id='word_1_168' title='bbox 610 1549 842 1599; x_wconf 89' lang='lat' dir='ltr'><strong>complesse.</strong></span> <span class='ocrx_word' id='word_1_169' title='bbox 900 1549 1082 1600; x_wconf 90' lang='lat' dir='ltr'><strong>Rapaces</strong></span> <span class='ocrx_word' id='word_1_170' title='bbox 1098 1552 1228 1600; x_wconf 81' lang='lat' dir='ltr'><strong>&#39;atque</strong></span> <span class='ocrx_word' id='word_1_171' title='bbox 1256 1549 1385 1589; x_wconf 90' lang='lat' dir='ltr'><strong>Italici</strong></span> <span class='ocrx_word' id='word_1_172' title='bbox 1411 1550 1598 1590; x_wconf 89' lang='lat' dir='ltr'><strong>omnibus</strong></span> <span class='ocrx_word' id='word_1_173' title='bbox 1626 1564 1669 1591; x_wconf 91' lang='lat' dir='ltr'><strong>se</strong></span> 
     </span>
     <span class='ocr_line' id='line_1_23' title="bbox 275 1612 1670 1666; baseline 0.003 -14"><span class='ocrx_word' id='word_1_174' title='bbox 275 1612 486 1664; x_wconf 86' lang='lat' dir='ltr'><strong>manipulis</strong></span> <span class='ocrx_word' id='word_1_175' title='bbox 517 1612 779 1660; x_wconf 88' lang='lat' dir='ltr'><strong>miscuerant;</strong></span> <span class='ocrx_word' id='word_1_176' title='bbox 825 1626 946 1663; x_wconf 93' lang='lat' dir='ltr'><strong>eques</strong></span> <span class='ocrx_word' id='word_1_177' title='bbox 976 1612 1200 1664; x_wconf 90' lang='lat' dir='ltr'><strong>auxiliaque</strong></span> <span class='ocrx_word' id='word_1_178' title='bbox 1230 1613 1305 1654; x_wconf 92' lang='lat' dir='ltr'><strong>sibi</strong></span> <span class='ocrx_word' id='word_1_179' title='bbox 1335 1614 1410 1666; x_wconf 89' lang='lat' dir='ltr'><strong>ipsi</strong></span> <span class='ocrx_word' id='word_1_180' title='bbox 1447 1616 1581 1655; x_wconf 91' lang='lat' dir='ltr'><strong>locum</strong></span> <span class='ocrx_word' id='word_1_181' title='bbox 1618 1617 1670 1656; x_wconf 87' lang='lat' dir='ltr'><strong>le-</strong></span> 
     </span>
     <span class='ocr_line' id='line_1_24' title="bbox 274 1677 1668 1731; baseline 0.001 -13"><span class='ocrx_word' id='word_1_182' title='bbox 274 1693 375 1730; x_wconf 86' lang='lat' dir='ltr'><strong>gere.</strong></span> <span class='ocrx_word' id='word_1_183' title='bbox 442 1679 636 1729; x_wconf 90' lang='lat' dir='ltr'><strong>proelium</strong></span> <span class='ocrx_word' id='word_1_184' title='bbox 669 1684 752 1716; x_wconf 90' lang='lat' dir='ltr'><strong>tota</strong></span> <span class='ocrx_word' id='word_1_185' title='bbox 787 1684 907 1717; x_wconf 91' lang='lat' dir='ltr'><strong>nocte</strong></span> <span class='ocrx_word' id='word_1_186' title='bbox 938 1677 1101 1726; x_wconf 89' lang='lat' dir='ltr'><strong>varium,</strong></span> <span class='ocrx_word' id='word_1_187' title='bbox 1135 1691 1294 1730; x_wconf 89' lang='lat' dir='ltr'><strong>anceps,</strong></span> <span class='ocrx_word' id='word_1_188' title='bbox 1325 1686 1448 1727; x_wconf 74' lang='lat' dir='ltr'><strong>atrOX,</strong></span> <span class='ocrx_word' id='word_1_189' title='bbox 1479 1679 1552 1729; x_wconf 89' lang='lat' dir='ltr'><strong>his,</strong></span> <span class='ocrx_word' id='word_1_190' title='bbox 1590 1693 1668 1731; x_wconf 76' lang='lat' dir='ltr'><strong>rur-</strong></span> 
     </span>
     <span class='ocr_line' id='line_1_25' title="bbox 275 1741 1667 1798; baseline 0.003 -16"><span class='ocrx_word' id='word_1_191' title='bbox 275 1757 342 1782; x_wconf 92' lang='lat' dir='ltr'><strong>sus</strong></span> <span class='ocrx_word' id='word_1_192' title='bbox 367 1742 443 1782; x_wconf 92' lang='lat' dir='ltr'><strong>illis</strong></span> <span class='ocrx_word' id='word_1_193' title='bbox 468 1742 675 1782; x_wconf 89' lang='lat' dir='ltr'><strong>exitiabile.</strong></span> <span class='ocrx_word' id='word_1_194' title='bbox 734 1741 832 1780; x_wconf 93' lang='lat' dir='ltr'><strong>nihil</strong></span> <span class='ocrx_word' id='word_1_195' title='bbox 859 1741 1015 1781; x_wconf 90' lang='lat' dir='ltr'><strong>animus</strong></span> <span class='ocrx_word' id='word_1_196' title='bbox 1038 1750 1107 1782; x_wconf 89' lang='lat' dir='ltr'><strong>aut</strong></span> <span class='ocrx_word' id='word_1_197' title='bbox 1132 1756 1283 1792; x_wconf 89' lang='lat' dir='ltr'><strong>manus,</strong></span> <span class='ocrx_word' id='word_1_198' title='bbox 1306 1758 1358 1784; x_wconf 91' lang='lat' dir='ltr'><strong>ne</strong></span> <span class='ocrx_word' id='word_1_199' title='bbox 1380 1743 1493 1784; x_wconf 78' lang='lat' dir='ltr'><strong>oculi</strong></span> <span class='ocrx_word' id='word_1_200' title='bbox 1505 1745 1667 1798; x_wconf 87' lang='lat' dir='ltr'><strong>quidem</strong></span> 
     </span>
    </p>

    <p class='ocr_par' dir='ltr' id='par_1_8' title="bbox 218 1807 1669 2120">
     <span class='ocr_line' id='line_1_26' title="bbox 218 1807 1669 1859; baseline 0.002 -11"><span class='ocrx_word' id='word_1_201' title='bbox 218 1825 255 1859; x_wconf 87' lang='lat'><strong>15</strong></span> <span class='ocrx_word' id='word_1_202' title='bbox 275 1807 433 1859; x_wconf 90' lang='lat' dir='ltr'><strong>provisu</strong></span> <span class='ocrx_word' id='word_1_203' title='bbox 464 1807 662 1846; x_wconf 89' lang='lat' dir='ltr'><strong>iuvabant.</strong></span> <span class='ocrx_word' id='word_1_204' title='bbox 732 1808 872 1846; x_wconf 88' lang='lat' dir='ltr'><strong>eadem</strong></span> <span class='ocrx_word' id='word_1_205' title='bbox 906 1814 1072 1858; x_wconf 90' lang='lat' dir='ltr'><strong>utraque</strong></span> <span class='ocrx_word' id='word_1_206' title='bbox 1108 1810 1193 1847; x_wconf 92' lang='lat' dir='ltr'><strong>acie</strong></span> <span class='ocrx_word' id='word_1_207' title='bbox 1225 1822 1345 1857; x_wconf 91' lang='lat' dir='ltr'><strong>arma,</strong></span> <span class='ocrx_word' id='word_1_208' title='bbox 1375 1809 1522 1850; x_wconf 87' lang='lat' dir='ltr'><strong>crebris</strong></span> <span class='ocrx_word' id='word_1_209' title='bbox 1553 1807 1669 1851; x_wconf 81' lang='lat' dir='ltr'><strong>inter-</strong></span> 
     </span>
     <span class='ocr_line' id='line_1_27' title="bbox 274 1872 1668 1924; baseline 0.003 -13"><span class='ocrx_word' id='word_1_210' title='bbox 274 1872 543 1923; x_wconf 89' lang='lat' dir='ltr'><strong>rogationibus</strong></span> <span class='ocrx_word' id='word_1_211' title='bbox 589 1879 729 1912; x_wconf 91' lang='lat' dir='ltr'><strong>notum</strong></span> <span class='ocrx_word' id='word_1_212' title='bbox 775 1885 932 1923; x_wconf 86' lang='lat' dir='ltr'><strong>pugnae</strong></span> <span class='ocrx_word' id='word_1_213' title='bbox 978 1872 1148 1923; x_wconf 89' lang='lat' dir='ltr'><strong>signum,</strong></span> <span class='ocrx_word' id='word_1_214' title='bbox 1189 1873 1380 1924; x_wconf 87' lang='lat' dir='ltr'><strong>permixta</strong></span> <span class='ocrx_word' id='word_1_215' title='bbox 1424 1874 1575 1923; x_wconf 78' lang='lat' dir='ltr'><strong>vexilla,</strong></span> <span class='ocrx_word' id='word_1_216' title='bbox 1622 1882 1668 1916; x_wconf 90' lang='lat' dir='ltr'><strong>ut</strong></span> 
     </span>
     <span class='ocr_line' id='line_1_28' title="bbox 274 1936 1668 1990; baseline 0.003 -14"><span class='ocrx_word' id='word_1_217' title='bbox 274 1937 443 1988; x_wconf 91' lang='lat' dir='ltr'><strong>quisque</strong></span> <span class='ocrx_word' id='word_1_218' title='bbox 468 1937 609 1987; x_wconf 91' lang='lat' dir='ltr'><strong>globus</strong></span> <span class='ocrx_word' id='word_1_219' title='bbox 636 1945 751 1988; x_wconf 89' lang='lat' dir='ltr'><strong>capta</strong></span> <span class='ocrx_word' id='word_1_220' title='bbox 776 1950 823 1976; x_wconf 89' lang='lat' dir='ltr'><strong>ex</strong></span> <span class='ocrx_word' id='word_1_221' title='bbox 851 1936 1032 1976; x_wconf 90' lang='lat' dir='ltr'><strong>hostibus</strong></span> <span class='ocrx_word' id='word_1_222' title='bbox 1058 1938 1136 1976; x_wconf 90' lang='lat' dir='ltr'><strong>huc</strong></span> <span class='ocrx_word' id='word_1_223' title='bbox 1155 1939 1217 1977; x_wconf 90' lang='lat' dir='ltr'><strong>vel</strong></span> <span class='ocrx_word' id='word_1_224' title='bbox 1243 1937 1335 1977; x_wconf 92' lang='lat' dir='ltr'><strong>illuc</strong></span> <span class='ocrx_word' id='word_1_225' title='bbox 1361 1939 1552 1990; x_wconf 88' lang='lat' dir='ltr'><strong>raptabat.</strong></span> <span class='ocrx_word' id='word_1_226' title='bbox 1607 1953 1668 1980; x_wconf 88' lang='lat' dir='ltr'><strong>ur-</strong></span> 
     </span>
     <span class='ocr_line' id='line_1_29' title="bbox 273 2001 1663 2055; baseline 0.003 -15"><span class='ocrx_word' id='word_1_227' title='bbox 273 2002 437 2052; x_wconf 89' lang='lat' dir='ltr'><strong>gebatur</strong></span> <span class='ocrx_word' id='word_1_228' title='bbox 474 2002 644 2041; x_wconf 88' lang='lat' dir='ltr'><strong>maxime</strong></span> <span class='ocrx_word' id='word_1_229' title='bbox 681 2001 849 2053; x_wconf 91' lang='lat' dir='ltr'><strong>septima</strong></span> <span class='ocrx_word' id='word_1_230' title='bbox 885 2001 997 2053; x_wconf 89' lang='lat' dir='ltr'><strong>legio,</strong></span> <span class='ocrx_word' id='word_1_231' title='bbox 1038 2015 1163 2052; x_wconf 90' lang='lat' dir='ltr'><strong>nuper</strong></span> <span class='ocrx_word' id='word_1_232' title='bbox 1199 2016 1224 2042; x_wconf 89' lang='lat' dir='ltr'><strong>a</strong></span> <span class='ocrx_word' id='word_1_233' title='bbox 1261 2002 1390 2042; x_wconf 87' lang='lat' dir='ltr'><strong>Galba</strong></span> <span class='ocrx_word' id='word_1_234' title='bbox 1430 2002 1663 2055; x_wconf 85' lang='lat' dir='ltr'><strong>conscripta.</strong></span> 
     </span>
     <span class='ocr_line' id='line_1_30' title="bbox 273 2065 1665 2120; baseline 0.001 -13"><span class='ocrx_word' id='word_1_235' title='bbox 273 2067 394 2107; x_wconf 92' lang='lat' dir='ltr'><strong>occisi</strong></span> <span class='ocrx_word' id='word_1_236' title='bbox 423 2081 490 2107; x_wconf 87' lang='lat' dir='ltr'><strong>sex</strong></span> <span class='ocrx_word' id='word_1_237' title='bbox 518 2068 734 2119; x_wconf 91' lang='lat' dir='ltr'><strong>primorum</strong></span> <span class='ocrx_word' id='word_1_238' title='bbox 767 2065 953 2106; x_wconf 91' lang='lat' dir='ltr'><strong>ordinum</strong></span> <span class='ocrx_word' id='word_1_239' title='bbox 986 2066 1248 2116; x_wconf 90' lang='lat' dir='ltr'><strong>centuriones,</strong></span> <span class='ocrx_word' id='word_1_240' title='bbox 1277 2067 1442 2120; x_wconf 89' lang='lat' dir='ltr'><strong>abrepta</strong></span> <span class='ocrx_word' id='word_1_241' title='bbox 1468 2067 1665 2120; x_wconf 86' lang='lat' dir='ltr'><strong>quaedam</strong></span> 
     </span>
    </p>
   </div>
   <div class='ocr_carea' id='block_1_3' title="bbox 272 2170 1665 2431">
    <p class='ocr_par' dir='ltr' id='par_1_9' title="bbox 273 2170 1665 2256">
     <span class='ocr_line' id='line_1_31' title="bbox 273 2170 1665 2206; baseline 0.001 -2"><span class='ocrx_word' id='word_1_242' title='bbox 273 2173 294 2204; x_wconf 90' lang='lat'>8</span> <span class='ocrx_word' id='word_1_243' title='bbox 317 2172 358 2203; x_wconf 90' lang='lat' dir='ltr'><strong>In</strong></span> <span class='ocrx_word' id='word_1_244' title='bbox 374 2172 447 2203; x_wconf 91' lang='lat' dir='ltr'><strong>alae</strong></span> <span class='ocrx_word' id='word_1_245' title='bbox 463 2182 505 2203; x_wconf 92' lang='lat' dir='ltr'><strong>vo</strong></span> <span class='ocrx_word' id='word_1_246' title='bbox 522 2172 565 2203; x_wconf 91' lang='lat' dir='ltr'><em>M</em></span> <span class='ocrx_word' id='word_1_247' title='bbox 750 2180 788 2202; x_wconf 93' lang='lat'><strong>10</strong></span> <span class='ocrx_word' id='word_1_248' title='bbox 812 2182 832 2202; x_wconf 90' lang='lat' dir='ltr'><strong>a</strong></span> <span class='ocrx_word' id='word_1_249' title='bbox 847 2171 969 2203; x_wconf 88' lang='lat' dir='ltr'><strong>dextro</strong></span> <span class='ocrx_word' id='word_1_250' title='bbox 985 2170 1136 2203; x_wconf 78' lang='lat' dir='ltr'><strong>Heraeus</strong></span> <span class='ocrx_word' id='word_1_251' title='bbox 1328 2182 1364 2204; x_wconf 90' lang='lat'><strong>11</strong></span> <span class='ocrx_word' id='word_1_252' title='bbox 1382 2173 1483 2206; x_wconf 77' lang='lat' dir='ltr'><strong>tertia</strong></span> <span class='ocrx_word' id='word_1_253' title='bbox 1498 2172 1641 2206; x_wconf 71' lang='lat' dir='ltr'><strong>Pt&#39;chena</strong></span> <span class='ocrx_word' id='word_1_254' title='bbox 1656 2183 1665 2206; x_wconf 73' lang='grc' dir='ltr'><strong><em>ε</em></strong></span> 
     </span>
     <span class='ocr_line' id='line_1_32' title="bbox 273 2213 1333 2256; baseline 0 -9"><span class='ocrx_word' id='word_1_255' title='bbox 273 2216 373 2248; x_wconf 88' lang='lat' dir='ltr'><strong>tertia</strong></span> <span class='ocrx_word' id='word_1_256' title='bbox 389 2215 520 2247; x_wconf 90' lang='lat' dir='ltr'><strong>decima</strong></span> <span class='ocrx_word' id='word_1_257' title='bbox 536 2215 579 2245; x_wconf 92' lang='lat' dir='ltr'><em>M</em></span> <span class='ocrx_word' id='word_1_258' title='bbox 696 2215 735 2245; x_wconf 89' lang='lat'><strong>16</strong></span> <span class='ocrx_word' id='word_1_259' title='bbox 758 2215 907 2255; x_wconf 88' lang='lat' dir='ltr'><strong>primore</strong></span> <span class='ocrx_word' id='word_1_260' title='bbox 922 2213 1033 2246; x_wconf 76' lang='lat' dir='ltr'><em>Ritter</em></span> <span class='ocrx_word' id='word_1_261' title='bbox 1039 2215 1202 2256; x_wconf 77' lang='lat' dir='ltr'><strong>probante</strong></span> <span class='ocrx_word' id='word_1_262' title='bbox 1216 2214 1333 2247; x_wconf 77' lang='lat' dir='ltr'><strong>Sirker</strong></span> 
     </span>
    </p>

    <p class='ocr_par' dir='ltr' id='par_1_10' title="bbox 272 2258 1664 2431">
     <span class='ocr_line' id='line_1_33' title="bbox 317 2258 1660 2301; baseline 0.001 -10"><span class='ocrx_word' id='word_1_263' title='bbox 317 2267 373 2291; x_wconf 82' lang='lat'><strong>22.</strong></span> <span class='ocrx_word' id='word_1_264' title='bbox 397 2269 417 2297; x_wconf 92' lang='lat'>4</span> <span class='ocrx_word' id='word_1_265' title='bbox 441 2259 523 2290; x_wconf 89' lang='lat' dir='ltr'><strong>hara</strong></span> <span class='ocrx_word' id='word_1_266' title='bbox 537 2258 579 2289; x_wconf 94' lang='lat' dir='ltr'><em>M</em></span> <span class='ocrx_word' id='word_1_267' title='bbox 781 2269 798 2297; x_wconf 93' lang='lat'>7</span> <span class='ocrx_word' id='word_1_268' title='bbox 824 2258 880 2289; x_wconf 88' lang='lat' dir='ltr'><strong>alii</strong></span> <span class='ocrx_word' id='word_1_269' title='bbox 904 2258 1118 2299; x_wconf 86' lang='lat' dir='ltr'><strong>tradiderint]</strong></span> <span class='ocrx_word' id='word_1_270' title='bbox 1145 2259 1305 2290; x_wconf 88' lang='lat' dir='ltr'><strong>Messalla</strong></span> <span class='ocrx_word' id='word_1_271' title='bbox 1326 2259 1506 2291; x_wconf 84' lang='lat' dir='ltr'><strong>tradiderit</strong></span> <span class='ocrx_word' id='word_1_272' title='bbox 1529 2259 1660 2301; x_wconf 71' lang='lat' dir='ltr'><strong>Maller,</strong></span> 
     </span>
     <span class='ocr_line' id='line_1_34' title="bbox 272 2299 1662 2344; baseline 0.001 -10"><span class='ocrx_word' id='word_1_273' title='bbox 272 2303 448 2344; x_wconf 78' lang='lat' dir='ltr'><strong>intellegere</strong></span> <span class='ocrx_word' id='word_1_274' title='bbox 462 2302 526 2333; x_wconf 83' lang='lat' dir='ltr'><strong>sibi</strong></span> <span class='ocrx_word' id='word_1_275' title='bbox 537 2303 629 2333; x_wconf 83' lang='lat' dir='ltr'><strong>visus</strong></span> <span class='ocrx_word' id='word_1_276' title='bbox 644 2312 703 2332; x_wconf 82' lang='lat' dir='ltr'><strong>cur</strong></span> <span class='ocrx_word' id='word_1_277' title='bbox 716 2299 756 2331; x_wconf 81' lang='lat' dir='ltr'><strong>iis</strong></span> <span class='ocrx_word' id='word_1_278' title='bbox 770 2311 855 2342; x_wconf 81' lang='lat' dir='ltr'><strong>quae</strong></span> <span class='ocrx_word' id='word_1_279' title='bbox 869 2304 1057 2342; x_wconf 84' lang='lat' dir='ltr'><strong>sequuntur</strong></span> <span class='ocrx_word' id='word_1_280' title='bbox 1067 2311 1204 2334; x_wconf 80' lang='lat' dir='ltr'><strong>suorum</strong></span> <span class='ocrx_word' id='word_1_281' title='bbox 1220 2302 1374 2333; x_wconf 79' lang='lat' dir='ltr'><strong>additum</strong></span> <span class='ocrx_word' id='word_1_282' title='bbox 1388 2302 1438 2334; x_wconf 68' lang='lat' dir='ltr'><strong>sit</strong></span> <span class='ocrx_word' id='word_1_283' title='bbox 1484 2316 1486 2318; x_wconf 50' lang='lat'>&gt;</span> <span class='ocrx_word' id='word_1_284' title='bbox 1507 2303 1662 2336; x_wconf 82' lang='lat' dir='ltr'><strong>dextrum</strong></span> 
     </span>
     <span class='ocr_line' id='line_1_35' title="bbox 272 2345 1664 2386; baseline 0.001 -8"><span class='ocrx_word' id='word_1_285' title='bbox 272 2346 426 2378; x_wconf 83' lang='lat' dir='ltr'><strong>Faernus</strong></span> <span class='ocrx_word' id='word_1_286' title='bbox 443 2356 451 2376; x_wconf 70' lang='grc' dir='ltr'>ε</span> <span class='ocrx_word' id='word_1_287' title='bbox 473 2346 595 2376; x_wconf 85' lang='lat' dir='ltr'><strong>dextro</strong></span> <span class='ocrx_word' id='word_1_288' title='bbox 611 2345 654 2375; x_wconf 91' lang='lat' dir='ltr'><em>M</em></span> <span class='ocrx_word' id='word_1_289' title='bbox 800 2355 836 2375; x_wconf 90' lang='lat'><strong>11</strong></span> <span class='ocrx_word' id='word_1_290' title='bbox 862 2350 966 2376; x_wconf 78' lang='lat' dir='ltr'><strong>cornu</strong></span> <span class='ocrx_word' id='word_1_291' title='bbox 983 2345 1027 2376; x_wconf 93' lang='lat' dir='ltr'><em>M</em></span> <span class='ocrx_word' id='word_1_292' title='bbox 1171 2354 1210 2385; x_wconf 81' lang='lat'><strong>14</strong></span> <span class='ocrx_word' id='word_1_293' title='bbox 1232 2345 1423 2378; x_wconf 77' lang='lat' dir='ltr'><strong>exitiabiles</strong></span> <span class='ocrx_word' id='word_1_294' title='bbox 1439 2345 1488 2386; x_wconf 86' lang='lat' dir='ltr'><strong>M,</strong></span> <span class='ocrx_word' id='word_1_295' title='bbox 1506 2355 1588 2381; x_wconf 80' lang='lat' dir='ltr'><strong>corr.</strong></span> <span class='ocrx_word' id='word_1_296' title='bbox 1607 2345 1664 2379; x_wconf 79' lang='lat' dir='ltr'><strong>M1</strong></span> 
     </span>
     <span class='ocr_line' id='line_1_36' title="bbox 276 2387 1001 2431; baseline -0.001 -11"><span class='ocrx_word' id='word_1_297' title='bbox 276 2397 314 2431; x_wconf 86' lang='lat'><strong>17</strong></span> <span class='ocrx_word' id='word_1_298' title='bbox 338 2388 543 2429; x_wconf 80' lang='lat' dir='ltr'><strong>urguebatur</strong></span> <span class='ocrx_word' id='word_1_299' title='bbox 559 2387 602 2419; x_wconf 91' lang='lat' dir='ltr'><em>M</em></span> <span class='ocrx_word' id='word_1_300' title='bbox 734 2387 772 2418; x_wconf 91' lang='lat'><strong>18</strong></span> <span class='ocrx_word' id='word_1_301' title='bbox 796 2387 837 2419; x_wconf 83' lang='lat' dir='ltr'><strong>ad</strong></span> <span class='ocrx_word' id='word_1_302' title='bbox 856 2387 941 2427; x_wconf 85' lang='lat' dir='ltr'><strong>gaba</strong></span> <span class='ocrx_word' id='word_1_303' title='bbox 957 2387 1001 2419; x_wconf 90' lang='lat' dir='ltr'><em>M</em></span> 
     </span>
    </p>
   </div>
  </div>
 </body>
</html>
