<?xml version="1.0" encoding="UTF-8"?>
<!DOCTYPE html PUBLIC "-//W3C//DTD XHTML 1.0 Transitional//EN"
    "http://www.w3.org/TR/xhtml1/DTD/xhtml1-transitional.dtd">
<html xmlns="http://www.w3.org/1999/xhtml" xml:lang="en" lang="en">
 <head>
  <title>
</title>
<meta http-equiv="Content-Type" content="text/html;charset=utf-8" />
  <meta name='ocr-system' content='tesseract 3.04.00' />
  <meta name='ocr-capabilities' content='ocr_page ocr_carea ocr_par ocr_line ocrx_word'/>
</head>
<body>
  <div class='ocr_page' id='page_1' title='image "./historiarumlibri00taciuoft_0131.png"; bbox 0 0 1748 2826; ppageno 0'>
   <div class='ocr_carea' id='block_1_1' title="bbox 0 0 156 91">
    <p class='ocr_par' dir='ltr' id='par_1_1' title="bbox 0 0 156 91">
     <span class='ocr_line' id='line_1_1' title="bbox 0 0 156 91; baseline 0 2735"><span class='ocrx_word' id='word_1_1' title='bbox 0 0 156 91; x_wconf 95' lang='lat' dir='ltr'> </span> 
     </span>
    </p>
   </div>
   <div class='ocr_carea' id='block_1_2' title="bbox 434 146 1546 194">
    <p class='ocr_par' dir='ltr' id='par_1_2' title="bbox 434 146 1546 194">
     <span class='ocr_line' id='line_1_2' title="bbox 434 146 1546 194; baseline -0.002 -8"><span class='ocrx_word' id='word_1_2' title='bbox 434 146 842 187; x_wconf 87' lang='lat' dir='ltr'>HISTORIARVM</span> <span class='ocrx_word' id='word_1_3' title='bbox 873 146 1047 185; x_wconf 90' lang='lat' dir='ltr'>LIBER</span> <span class='ocrx_word' id='word_1_4' title='bbox 1078 147 1145 184; x_wconf 92' lang='lat' dir='ltr'>III</span> <span class='ocrx_word' id='word_1_5' title='bbox 1434 146 1546 194; x_wconf 82' lang='lat'><strong>1113</strong></span> 
     </span>
    </p>
   </div>
   <div class='ocr_carea' id='block_1_3' title="bbox 85 257 1564 1887">
    <p class='ocr_par' dir='ltr' id='par_1_3' title="bbox 89 257 1564 432">
     <span class='ocr_line' id='line_1_3' title="bbox 90 257 1503 312; baseline -0.003 -11"><span class='ocrx_word' id='word_1_6' title='bbox 90 259 212 310; x_wconf 90' lang='lat' dir='ltr'>tione,</span> <span class='ocrx_word' id='word_1_7' title='bbox 242 265 360 312; x_wconf 88' lang='lat' dir='ltr'>prout</span> <span class='ocrx_word' id='word_1_8' title='bbox 393 257 673 299; x_wconf 87' lang='lat' dir='ltr'>conduxisset:</span> <span class='ocrx_word' id='word_1_9' title='bbox 721 264 857 309; x_wconf 89' lang='lat' dir='ltr'>aperte</span> <span class='ocrx_word' id='word_1_10' title='bbox 886 257 1145 298; x_wconf 87' lang='lat' dir='ltr'><strong>descendisse</strong></span> <span class='ocrx_word' id='word_1_11' title='bbox 1178 257 1219 297; x_wconf 90' lang='lat' dir='ltr'>in</span> <span class='ocrx_word' id='word_1_12' title='bbox 1258 271 1420 297; x_wconf 89' lang='lat' dir='ltr'>causam</span> <span class='ocrx_word' id='word_1_13' title='bbox 1449 257 1503 297; x_wconf 93' lang='lat' dir='ltr'>vi-</span> 
     </span>
     <span class='ocr_line' id='line_1_4' title="bbox 89 322 1502 376; baseline -0.004 -8"><span class='ocrx_word' id='word_1_14' title='bbox 89 327 270 375; x_wconf 85' lang='lat' dir='ltr'><strong>debatur,</strong></span> <span class='ocrx_word' id='word_1_15' title='bbox 317 338 448 376; x_wconf 90' lang='lat' dir='ltr'>eoque</span> <span class='ocrx_word' id='word_1_16' title='bbox 494 323 648 376; x_wconf 89' lang='lat' dir='ltr'>gravior</span> <span class='ocrx_word' id='word_1_17' title='bbox 689 322 882 363; x_wconf 89' lang='lat' dir='ltr'>militibus</span> <span class='ocrx_word' id='word_1_18' title='bbox 929 330 1013 363; x_wconf 92' lang='lat' dir='ltr'>erat</span> <span class='ocrx_word' id='word_1_19' title='bbox 1059 325 1203 375; x_wconf 90' lang='lat' dir='ltr'>culpae</span> <span class='ocrx_word' id='word_1_20' title='bbox 1242 324 1307 363; x_wconf 92' lang='lat' dir='ltr'>vel</span> <span class='ocrx_word' id='word_1_21' title='bbox 1353 322 1502 375; x_wconf 86' lang='lat' dir='ltr'>gloriae</span> 
     </span>
     <span class='ocr_line' id='line_1_5' title="bbox 89 393 1564 432; baseline -0.005 0"><span class='ocrx_word' id='word_1_22' title='bbox 89 393 232 432; x_wconf 87' lang='lat' dir='ltr'>socius.</span> <span class='ocrx_word' id='word_1_23' title='bbox 1522 401 1564 425; x_wconf 85' lang='lat'>10</span> 
     </span>
    </p>

    <p class='ocr_par' dir='ltr' id='par_1_4' title="bbox 85 452 1558 1229">
     <span class='ocr_line' id='line_1_6' title="bbox 251 452 1547 506; baseline -0.003 -10"><span class='ocrx_word' id='word_1_24' title='bbox 251 455 438 506; x_wconf 86' lang='lat' dir='ltr'>Proxima</span> <span class='ocrx_word' id='word_1_25' title='bbox 482 454 659 496; x_wconf 91' lang='lat' dir='ltr'>Cornelii</span> <span class='ocrx_word' id='word_1_26' title='bbox 706 453 824 494; x_wconf 91' lang='lat' dir='ltr'>Fusci</span> <span class='ocrx_word' id='word_1_27' title='bbox 871 453 1136 506; x_wconf 84' lang='lat' dir='ltr'>procuratoris</span> <span class='ocrx_word' id='word_1_28' title='bbox 1181 452 1406 494; x_wconf 87' lang='lat' dir='ltr'>auctoritas.</span> <span class='ocrx_word' id='word_1_29' title='bbox 1468 452 1501 492; x_wconf 92' lang='lat' dir='ltr'>is</span> <span class='ocrx_word' id='word_1_30' title='bbox 1519 463 1547 502; x_wconf 94' lang='lat'>4</span> 
     </span>
     <span class='ocr_line' id='line_1_7' title="bbox 87 517 1501 576; baseline -0.004 -14"><span class='ocrx_word' id='word_1_31' title='bbox 87 533 251 576; x_wconf 86' lang='lat' dir='ltr'>quoque</span> <span class='ocrx_word' id='word_1_32' title='bbox 277 521 538 561; x_wconf 82' lang='lat' dir='ltr'>inclementer</span> <span class='ocrx_word' id='word_1_33' title='bbox 560 520 603 559; x_wconf 91' lang='lat' dir='ltr'>in</span> <span class='ocrx_word' id='word_1_34' title='bbox 622 519 829 560; x_wconf 92' lang='lat' dir='ltr'>Vitellium</span> <span class='ocrx_word' id='word_1_35' title='bbox 857 518 992 559; x_wconf 91' lang='lat' dir='ltr'>invehi</span> <span class='ocrx_word' id='word_1_36' title='bbox 1018 519 1158 558; x_wconf 90' lang='lat' dir='ltr'>solitus</span> <span class='ocrx_word' id='word_1_37' title='bbox 1183 518 1285 559; x_wconf 89' lang='lat' dir='ltr'>nihil</span> <span class='ocrx_word' id='word_1_38' title='bbox 1312 517 1398 570; x_wconf 88' lang='lat' dir='ltr'>spei</span> <span class='ocrx_word' id='word_1_39' title='bbox 1424 517 1501 558; x_wconf 90' lang='lat' dir='ltr'>sibi</span> 
     </span>
     <span class='ocr_line' id='line_1_8' title="bbox 88 584 1502 637; baseline -0.004 -10"><span class='ocrx_word' id='word_1_40' title='bbox 88 586 191 628; x_wconf 90' lang='lat' dir='ltr'>inter</span> <span class='ocrx_word' id='word_1_41' title='bbox 221 587 388 627; x_wconf 87' lang='lat' dir='ltr'>adversa</span> <span class='ocrx_word' id='word_1_42' title='bbox 420 585 642 637; x_wconf 83' lang='lat' dir='ltr'>reliquerat.</span> <span class='ocrx_word' id='word_1_43' title='bbox 701 584 896 637; x_wconf 88' lang='lat' dir='ltr'>Tampius</span> <span class='ocrx_word' id='word_1_44' title='bbox 931 584 1156 632; x_wconf 87' lang='lat' dir='ltr'>Flavianus,</span> <span class='ocrx_word' id='word_1_45' title='bbox 1187 591 1330 623; x_wconf 88' lang='lat' dir='ltr'>natura</span> <span class='ocrx_word' id='word_1_46' title='bbox 1362 596 1410 622; x_wconf 90' lang='lat' dir='ltr'>ac</span> <span class='ocrx_word' id='word_1_47' title='bbox 1444 596 1502 622; x_wconf 88' lang='lat' dir='ltr'>se-</span> 
     </span>
     <span class='ocr_line' id='line_1_9' title="bbox 87 649 1499 703; baseline -0.004 -10"><span class='ocrx_word' id='word_1_48' title='bbox 87 659 207 693; x_wconf 82' lang='lat' dir='ltr'><strong>necta</strong></span> <span class='ocrx_word' id='word_1_49' title='bbox 247 658 471 700; x_wconf 64' lang='lat' dir='ltr'>&#39;cunctaton</span> <span class='ocrx_word' id='word_1_50' title='bbox 523 650 770 703; x_wconf 89' lang='lat' dir='ltr'>suspiciones</span> <span class='ocrx_word' id='word_1_51' title='bbox 823 650 994 690; x_wconf 90' lang='lat' dir='ltr'>militum</span> <span class='ocrx_word' id='word_1_52' title='bbox 1046 649 1244 698; x_wconf 85' lang='lat' dir='ltr'>inritabat,</span> <span class='ocrx_word' id='word_1_53' title='bbox 1293 657 1499 700; x_wconf 86' lang='lat' dir='ltr'>tamquam</span> 
     </span>
     <span class='ocr_line' id='line_1_10' title="bbox 86 715 1538 767; baseline -0.002 -10"><span class='ocrx_word' id='word_1_54' title='bbox 86 716 303 758; x_wconf 87' lang='lat' dir='ltr'>adfinitatis</span> <span class='ocrx_word' id='word_1_55' title='bbox 327 730 420 757; x_wconf 88' lang='lat' dir='ltr'>curn</span> <span class='ocrx_word' id='word_1_56' title='bbox 440 716 604 756; x_wconf 91' lang='lat' dir='ltr'>Vitellio</span> <span class='ocrx_word' id='word_1_57' title='bbox 624 715 871 757; x_wconf 88' lang='lat' dir='ltr'>meminisset</span> <span class='ocrx_word' id='word_1_58' title='bbox 886 731 897 765; x_wconf 77' lang='lat'><em>3</em></span> <span class='ocrx_word' id='word_1_59' title='bbox 924 715 1126 767; x_wconf 89' lang='lat' dir='ltr'>idemque,</span> <span class='ocrx_word' id='word_1_60' title='bbox 1148 716 1259 766; x_wconf 91' lang='lat' dir='ltr'>quod</span> <span class='ocrx_word' id='word_1_61' title='bbox 1286 722 1500 767; x_wconf 90' lang='lat' dir='ltr'>coeptante</span> <span class='ocrx_word' id='word_1_62' title='bbox 1519 731 1538 764; x_wconf 87' lang='lat'><strong>5</strong></span> 
     </span>
     <span class='ocr_line' id='line_1_11' title="bbox 87 780 1500 834; baseline -0.001 -12"><span class='ocrx_word' id='word_1_63' title='bbox 87 781 290 834; x_wconf 89' lang='lat' dir='ltr'>legionum</span> <span class='ocrx_word' id='word_1_64' title='bbox 327 789 441 822; x_wconf 91' lang='lat' dir='ltr'>motu</span> <span class='ocrx_word' id='word_1_65' title='bbox 473 783 674 834; x_wconf 86' lang='lat' dir='ltr'>profugus,</span> <span class='ocrx_word' id='word_1_66' title='bbox 708 781 802 822; x_wconf 91' lang='lat' dir='ltr'>dein</span> <span class='ocrx_word' id='word_1_67' title='bbox 837 788 981 834; x_wconf 88' lang='lat' dir='ltr'>sponte</span> <span class='ocrx_word' id='word_1_68' title='bbox 1014 788 1267 829; x_wconf 85' lang='lat' dir='ltr'>remeaverat,</span> <span class='ocrx_word' id='word_1_69' title='bbox 1308 780 1500 833; x_wconf 87' lang='lat' dir='ltr'>perfidiae</span> 
     </span>
     <span class='ocr_line' id='line_1_12' title="bbox 86 846 1501 900; baseline -0.001 -12"><span class='ocrx_word' id='word_1_70' title='bbox 86 849 221 889; x_wconf 91' lang='lat' dir='ltr'>locum</span> <span class='ocrx_word' id='word_1_71' title='bbox 241 849 444 900; x_wconf 90' lang='lat' dir='ltr'>quaesisse</span> <span class='ocrx_word' id='word_1_72' title='bbox 472 849 718 888; x_wconf 88' lang='lat' dir='ltr'>credebatur.</span> <span class='ocrx_word' id='word_1_73' title='bbox 778 861 872 887; x_wconf 90' lang='lat' dir='ltr'>nam</span> <span class='ocrx_word' id='word_1_74' title='bbox 898 847 1143 896; x_wconf 87' lang='lat' dir='ltr'>Flavianum,</span> <span class='ocrx_word' id='word_1_75' title='bbox 1166 846 1315 887; x_wconf 91' lang='lat' dir='ltr'>omissa</span> <span class='ocrx_word' id='word_1_76' title='bbox 1344 849 1501 887; x_wconf 93' lang='lat' dir='ltr'>Panno-</span> 
     </span>
     <span class='ocr_line' id='line_1_13' title="bbox 87 912 1500 966; baseline -0.002 -12"><span class='ocrx_word' id='word_1_77' title='bbox 87 913 154 954; x_wconf 87' lang='lat' dir='ltr'>nia</span> <span class='ocrx_word' id='word_1_78' title='bbox 181 913 403 966; x_wconf 88' lang='lat' dir='ltr'>ingressum</span> <span class='ocrx_word' id='word_1_79' title='bbox 434 914 592 954; x_wconf 90' lang='lat' dir='ltr'>Italiam</span> <span class='ocrx_word' id='word_1_80' title='bbox 624 921 664 954; x_wconf 91' lang='lat' dir='ltr'>et</span> <span class='ocrx_word' id='word_1_81' title='bbox 692 912 913 954; x_wconf 89' lang='lat' dir='ltr'>discrimini</span> <span class='ocrx_word' id='word_1_82' title='bbox 946 920 1189 964; x_wconf 91' lang='lat' dir='ltr'>exemptum,</span> <span class='ocrx_word' id='word_1_83' title='bbox 1220 926 1352 952; x_wconf 90' lang='lat' dir='ltr'>rerum</span> <span class='ocrx_word' id='word_1_84' title='bbox 1380 925 1500 952; x_wconf 88' lang='lat' dir='ltr'>nova-</span> 
     </span>
     <span class='ocr_line' id='line_1_14' title="bbox 86 977 1497 1031; baseline -0.001 -13"><span class='ocrx_word' id='word_1_85' title='bbox 86 992 175 1018; x_wconf 91' lang='lat' dir='ltr'>rum</span> <span class='ocrx_word' id='word_1_86' title='bbox 194 978 345 1031; x_wconf 93' lang='lat' dir='ltr'>cupido</span> <span class='ocrx_word' id='word_1_87' title='bbox 373 979 491 1031; x_wconf 87' lang='lat' dir='ltr'>legati</span> <span class='ocrx_word' id='word_1_88' title='bbox 511 992 660 1019; x_wconf 91' lang='lat' dir='ltr'>nomen</span> <span class='ocrx_word' id='word_1_89' title='bbox 680 991 880 1018; x_wconf 88' lang='lat' dir='ltr'>resumere</span> <span class='ocrx_word' id='word_1_90' title='bbox 922 986 962 1018; x_wconf 90' lang='lat' dir='ltr'>et</span> <span class='ocrx_word' id='word_1_91' title='bbox 982 977 1139 1018; x_wconf 89' lang='lat' dir='ltr'>misceri</span> <span class='ocrx_word' id='word_1_92' title='bbox 1165 977 1348 1018; x_wconf 91' lang='lat' dir='ltr'>civilibus</span> <span class='ocrx_word' id='word_1_93' title='bbox 1377 977 1497 1017; x_wconf 88' lang='lat' dir='ltr'>armis</span> 
     </span>
     <span class='ocr_line' id='line_1_15' title="bbox 87 1042 1558 1096; baseline -0.001 -12"><span class='ocrx_word' id='word_1_94' title='bbox 87 1043 310 1096; x_wconf 88' lang='lat' dir='ltr'>impulerat,</span> <span class='ocrx_word' id='word_1_95' title='bbox 331 1045 527 1086; x_wconf 89' lang='lat' dir='ltr'>suadente</span> <span class='ocrx_word' id='word_1_96' title='bbox 557 1044 746 1086; x_wconf 90' lang='lat' dir='ltr'>Cornelio</span> <span class='ocrx_word' id='word_1_97' title='bbox 776 1046 918 1092; x_wconf 91' lang='lat' dir='ltr'>Fusco,</span> <span class='ocrx_word' id='word_1_98' title='bbox 950 1057 1032 1084; x_wconf 94' lang='lat' dir='ltr'>non</span> <span class='ocrx_word' id='word_1_99' title='bbox 1062 1043 1156 1095; x_wconf 90' lang='lat' dir='ltr'>quia</span> <span class='ocrx_word' id='word_1_100' title='bbox 1184 1042 1379 1083; x_wconf 89' lang='lat' dir='ltr'>industria</span> <span class='ocrx_word' id='word_1_101' title='bbox 1408 1044 1497 1082; x_wconf 88' lang='lat' dir='ltr'>Fla-</span> <span class='ocrx_word' id='word_1_102' title='bbox 1518 1057 1558 1082; x_wconf 91' lang='lat'>10</span> 
     </span>
     <span class='ocr_line' id='line_1_16' title="bbox 86 1109 1498 1162; baseline -0.001 -12"><span class='ocrx_word' id='word_1_103' title='bbox 86 1110 192 1150; x_wconf 88' lang='lat' dir='ltr'>viani</span> <span class='ocrx_word' id='word_1_104' title='bbox 220 1110 375 1162; x_wconf 84' lang='lat' dir='ltr'>egebat,</span> <span class='ocrx_word' id='word_1_105' title='bbox 406 1112 478 1151; x_wconf 91' lang='lat' dir='ltr'>sed</span> <span class='ocrx_word' id='word_1_106' title='bbox 506 1118 551 1151; x_wconf 94' lang='lat' dir='ltr'>ut</span> <span class='ocrx_word' id='word_1_107' title='bbox 588 1112 797 1151; x_wconf 86' lang='lat' dir='ltr'>consulare</span> <span class='ocrx_word' id='word_1_108' title='bbox 828 1123 978 1150; x_wconf 90' lang='lat' dir='ltr'>nomen</span> <span class='ocrx_word' id='word_1_109' title='bbox 1009 1109 1261 1161; x_wconf 89' lang='lat' dir='ltr'>surgentibus</span> <span class='ocrx_word' id='word_1_110' title='bbox 1295 1122 1388 1150; x_wconf 90' lang='lat' dir='ltr'>curn</span> <span class='ocrx_word' id='word_1_111' title='bbox 1418 1123 1498 1149; x_wconf 91' lang='lat' dir='ltr'>ma-</span> 
     </span>
     <span class='ocr_line' id='line_1_17' title="bbox 85 1175 1086 1229; baseline -0.001 -13"><span class='ocrx_word' id='word_1_112' title='bbox 85 1175 192 1216; x_wconf 85' lang='lat' dir='ltr'>xime</span> <span class='ocrx_word' id='word_1_113' title='bbox 210 1175 390 1229; x_wconf 88' lang='lat' dir='ltr'>partibus</span> <span class='ocrx_word' id='word_1_114' title='bbox 410 1177 579 1217; x_wconf 87' lang='lat' dir='ltr'>honesta</span> <span class='ocrx_word' id='word_1_115' title='bbox 599 1176 732 1228; x_wconf 93' lang='lat' dir='ltr'>specie</span> <span class='ocrx_word' id='word_1_116' title='bbox 752 1177 1086 1228; x_wconf 89' lang='lat' dir='ltr'>praetenderetur.</span> 
     </span>
    </p>

    <p class='ocr_par' dir='ltr' id='par_1_5' title="bbox 85 1240 1559 1887">
     <span class='ocr_line' id='line_1_18' title="bbox 249 1240 1543 1292; baseline -0.002 -10"><span class='ocrx_word' id='word_1_117' title='bbox 249 1242 439 1283; x_wconf 90' lang='lat' dir='ltr'>Ceterum</span> <span class='ocrx_word' id='word_1_118' title='bbox 477 1249 522 1282; x_wconf 92' lang='lat' dir='ltr'>ut</span> <span class='ocrx_word' id='word_1_119' title='bbox 559 1241 825 1282; x_wconf 90' lang='lat' dir='ltr'>transmittere</span> <span class='ocrx_word' id='word_1_120' title='bbox 862 1241 904 1281; x_wconf 88' lang='lat' dir='ltr'>in</span> <span class='ocrx_word' id='word_1_121' title='bbox 939 1240 1097 1280; x_wconf 84' lang='lat' dir='ltr'>Italiam</span> <span class='ocrx_word' id='word_1_122' title='bbox 1132 1240 1298 1292; x_wconf 92' lang='lat' dir='ltr'>impune</span> <span class='ocrx_word' id='word_1_123' title='bbox 1335 1247 1376 1280; x_wconf 91' lang='lat' dir='ltr'>et</span> <span class='ocrx_word' id='word_1_124' title='bbox 1409 1241 1498 1280; x_wconf 87' lang='lat' dir='ltr'>usui</span> <span class='ocrx_word' id='word_1_125' title='bbox 1518 1252 1543 1292; x_wconf 86' lang='lat'><strong>5</strong></span> 
     </span>
     <span class='ocr_line' id='line_1_19' title="bbox 85 1305 1501 1359; baseline 0 -13"><span class='ocrx_word' id='word_1_126' title='bbox 85 1307 198 1357; x_wconf 86' lang='lat' dir='ltr'>foret,</span> <span class='ocrx_word' id='word_1_127' title='bbox 215 1306 407 1359; x_wconf 90' lang='lat' dir='ltr'>scriptum</span> <span class='ocrx_word' id='word_1_128' title='bbox 419 1306 583 1359; x_wconf 92' lang='lat' dir='ltr'>Aponio</span> <span class='ocrx_word' id='word_1_129' title='bbox 603 1306 828 1356; x_wconf 89' lang='lat' dir='ltr'>Saturnino,</span> <span class='ocrx_word' id='word_1_130' title='bbox 844 1320 936 1346; x_wconf 91' lang='lat' dir='ltr'>cum</span> <span class='ocrx_word' id='word_1_131' title='bbox 957 1306 1131 1346; x_wconf 88' lang='lat' dir='ltr'>exercitu</span> <span class='ocrx_word' id='word_1_132' title='bbox 1154 1305 1337 1346; x_wconf 89' lang='lat' dir='ltr'>Moesico</span> <span class='ocrx_word' id='word_1_133' title='bbox 1357 1308 1501 1347; x_wconf 90' lang='lat' dir='ltr'>celera-</span> 
     </span>
     <span class='ocr_line' id='line_1_20' title="bbox 85 1371 1496 1426; baseline -0.001 -13"><span class='ocrx_word' id='word_1_134' title='bbox 85 1380 155 1414; x_wconf 85' lang='lat' dir='ltr'>ret.</span> <span class='ocrx_word' id='word_1_135' title='bbox 194 1386 242 1413; x_wconf 88' lang='lat' dir='ltr'>ac</span> <span class='ocrx_word' id='word_1_136' title='bbox 257 1387 309 1414; x_wconf 90' lang='lat' dir='ltr'>ne</span> <span class='ocrx_word' id='word_1_137' title='bbox 320 1373 495 1413; x_wconf 91' lang='lat' dir='ltr'>inermes</span> <span class='ocrx_word' id='word_1_138' title='bbox 510 1372 738 1426; x_wconf 91' lang='lat' dir='ltr'>provinciae</span> <span class='ocrx_word' id='word_1_139' title='bbox 758 1371 934 1412; x_wconf 89' lang='lat' dir='ltr'>barbaris</span> <span class='ocrx_word' id='word_1_140' title='bbox 950 1371 1180 1412; x_wconf 88' lang='lat' dir='ltr'>nationibus</span> <span class='ocrx_word' id='word_1_141' title='bbox 1194 1380 1496 1424; x_wconf 86' lang='lat' dir='ltr'>exponerentur,</span> 
     </span>
     <span class='ocr_line' id='line_1_21' title="bbox 85 1438 1497 1492; baseline -0.001 -13"><span class='ocrx_word' id='word_1_142' title='bbox 85 1438 284 1492; x_wconf 89' lang='lat' dir='ltr'>principes</span> <span class='ocrx_word' id='word_1_143' title='bbox 311 1442 579 1481; x_wconf 87' lang='lat' dir='ltr'>Sarmatarum</span> <span class='ocrx_word' id='word_1_144' title='bbox 601 1442 803 1492; x_wconf 88' lang='lat' dir='ltr'>Iazugum,</span> <span class='ocrx_word' id='word_1_145' title='bbox 831 1453 955 1492; x_wconf 92' lang='lat' dir='ltr'>penes</span> <span class='ocrx_word' id='word_1_146' title='bbox 979 1452 1082 1491; x_wconf 90' lang='lat' dir='ltr'>quos</span> <span class='ocrx_word' id='word_1_147' title='bbox 1109 1438 1279 1478; x_wconf 88' lang='lat' dir='ltr'>civitatis</span> <span class='ocrx_word' id='word_1_148' title='bbox 1308 1439 1497 1490; x_wconf 89' lang='lat' dir='ltr'>regimen,</span> 
     </span>
     <span class='ocr_line' id='line_1_22' title="bbox 86 1504 1538 1559; baseline -0.001 -13"><span class='ocrx_word' id='word_1_149' title='bbox 86 1505 128 1546; x_wconf 90' lang='lat' dir='ltr'>in</span> <span class='ocrx_word' id='word_1_150' title='bbox 151 1506 432 1547; x_wconf 89' lang='lat' dir='ltr'>commilitium</span> <span class='ocrx_word' id='word_1_151' title='bbox 452 1506 605 1547; x_wconf 85' lang='lat' dir='ltr'>adsciti.</span> <span class='ocrx_word' id='word_1_152' title='bbox 664 1507 827 1559; x_wconf 91' lang='lat' dir='ltr'>plebem</span> <span class='ocrx_word' id='word_1_153' title='bbox 851 1519 1016 1558; x_wconf 91' lang='lat' dir='ltr'>quoque</span> <span class='ocrx_word' id='word_1_154' title='bbox 1042 1513 1082 1546; x_wconf 91' lang='lat' dir='ltr'>et</span> <span class='ocrx_word' id='word_1_155' title='bbox 1101 1504 1182 1545; x_wconf 90' lang='lat' dir='ltr'>vim</span> <span class='ocrx_word' id='word_1_156' title='bbox 1203 1504 1397 1557; x_wconf 90' lang='lat' dir='ltr'>equitum,</span> <span class='ocrx_word' id='word_1_157' title='bbox 1419 1518 1500 1557; x_wconf 88' lang='lat' dir='ltr'>qua</span> <span class='ocrx_word' id='word_1_158' title='bbox 1519 1516 1538 1549; x_wconf 88' lang='lat'>5</span> 
     </span>
     <span class='ocr_line' id='line_1_23' title="bbox 86 1570 1500 1621; baseline -0.001 -9"><span class='ocrx_word' id='word_1_159' title='bbox 86 1572 171 1613; x_wconf 87' lang='lat' dir='ltr'>sola</span> <span class='ocrx_word' id='word_1_160' title='bbox 192 1573 337 1621; x_wconf 89' lang='lat' dir='ltr'>valent,</span> <span class='ocrx_word' id='word_1_161' title='bbox 365 1572 611 1614; x_wconf 80' lang='lat' dir='ltr'>offerebant:</span> <span class='ocrx_word' id='word_1_162' title='bbox 642 1572 853 1612; x_wconf 90' lang='lat' dir='ltr'>remissum</span> <span class='ocrx_word' id='word_1_163' title='bbox 882 1572 924 1612; x_wconf 94' lang='lat' dir='ltr'>id</span> <span class='ocrx_word' id='word_1_164' title='bbox 951 1585 1108 1619; x_wconf 84' lang='lat' dir='ltr'>munuS,</span> <span class='ocrx_word' id='word_1_165' title='bbox 1140 1584 1194 1611; x_wconf 90' lang='lat' dir='ltr'>ne</span> <span class='ocrx_word' id='word_1_166' title='bbox 1222 1570 1325 1610; x_wconf 89' lang='lat' dir='ltr'>inter</span> <span class='ocrx_word' id='word_1_167' title='bbox 1353 1571 1500 1612; x_wconf 91' lang='lat' dir='ltr'>discor-</span> 
     </span>
     <span class='ocr_line' id='line_1_24' title="bbox 86 1636 1499 1679; baseline -0.001 -1"><span class='ocrx_word' id='word_1_168' title='bbox 86 1636 173 1678; x_wconf 87' lang='lat' dir='ltr'>dias</span> <span class='ocrx_word' id='word_1_169' title='bbox 203 1645 364 1678; x_wconf 87' lang='lat' dir='ltr'>extema</span> <span class='ocrx_word' id='word_1_170' title='bbox 394 1637 628 1678; x_wconf 87' lang='lat' dir='ltr'>molirentur</span> <span class='ocrx_word' id='word_1_171' title='bbox 657 1645 726 1678; x_wconf 90' lang='lat' dir='ltr'>aut</span> <span class='ocrx_word' id='word_1_172' title='bbox 758 1637 908 1678; x_wconf 91' lang='lat' dir='ltr'>maiore</span> <span class='ocrx_word' id='word_1_173' title='bbox 945 1652 995 1679; x_wconf 90' lang='lat' dir='ltr'>ex</span> <span class='ocrx_word' id='word_1_174' title='bbox 1028 1637 1188 1678; x_wconf 91' lang='lat' dir='ltr'>diverso</span> <span class='ocrx_word' id='word_1_175' title='bbox 1218 1637 1404 1677; x_wconf 91' lang='lat' dir='ltr'>mercede</span> <span class='ocrx_word' id='word_1_176' title='bbox 1438 1636 1499 1677; x_wconf 91' lang='lat' dir='ltr'>ius</span> 
     </span>
     <span class='ocr_line' id='line_1_25' title="bbox 85 1702 1499 1755; baseline 0 -13"><span class='ocrx_word' id='word_1_177' title='bbox 85 1704 226 1755; x_wconf 83' lang='lat' dir='ltr'>fasque</span> <span class='ocrx_word' id='word_1_178' title='bbox 245 1710 445 1744; x_wconf 91' lang='lat' dir='ltr'>exuerent.</span> <span class='ocrx_word' id='word_1_179' title='bbox 503 1705 712 1744; x_wconf 89' lang='lat' dir='ltr'>trahuntur</span> <span class='ocrx_word' id='word_1_180' title='bbox 731 1703 772 1743; x_wconf 91' lang='lat' dir='ltr'>in</span> <span class='ocrx_word' id='word_1_181' title='bbox 798 1703 919 1755; x_wconf 89' lang='lat' dir='ltr'>partis</span> <span class='ocrx_word' id='word_1_182' title='bbox 940 1703 1038 1744; x_wconf 91' lang='lat' dir='ltr'>Sido</span> <span class='ocrx_word' id='word_1_183' title='bbox 1061 1710 1183 1754; x_wconf 90' lang='lat' dir='ltr'>atque</span> <span class='ocrx_word' id='word_1_184' title='bbox 1203 1702 1367 1743; x_wconf 89' lang='lat' dir='ltr'>Italicus</span> <span class='ocrx_word' id='word_1_185' title='bbox 1387 1716 1499 1754; x_wconf 86' lang='lat' dir='ltr'>reges</span> 
     </span>
     <span class='ocr_line' id='line_1_26' title="bbox 87 1768 1498 1822; baseline 0 -14"><span class='ocrx_word' id='word_1_186' title='bbox 87 1768 322 1817; x_wconf 86' lang='lat' dir='ltr'>Sueborum,</span> <span class='ocrx_word' id='word_1_187' title='bbox 351 1768 440 1820; x_wconf 89' lang='lat' dir='ltr'>quis</span> <span class='ocrx_word' id='word_1_188' title='bbox 460 1776 574 1809; x_wconf 90' lang='lat' dir='ltr'>vetus</span> <span class='ocrx_word' id='word_1_189' title='bbox 599 1769 840 1822; x_wconf 90' lang='lat' dir='ltr'>obsequium</span> <span class='ocrx_word' id='word_1_190' title='bbox 861 1782 953 1822; x_wconf 88' lang='lat' dir='ltr'>erga</span> <span class='ocrx_word' id='word_1_191' title='bbox 978 1771 1189 1810; x_wconf 90' lang='lat' dir='ltr'>Romanos</span> <span class='ocrx_word' id='word_1_192' title='bbox 1212 1775 1252 1809; x_wconf 91' lang='lat' dir='ltr'>et</span> <span class='ocrx_word' id='word_1_193' title='bbox 1277 1782 1376 1821; x_wconf 88' lang='lat' dir='ltr'>gens</span> <span class='ocrx_word' id='word_1_194' title='bbox 1403 1768 1498 1808; x_wconf 91' lang='lat' dir='ltr'>fidei</span> 
     </span>
     <span class='ocr_line' id='line_1_27' title="bbox 87 1834 1559 1887; baseline -0.003 -9"><span class='ocrx_word' id='word_1_195' title='bbox 87 1834 398 1878; x_wconf 75' lang='lat' dir='ltr'>†con1missi0r†</span> <span class='ocrx_word' id='word_1_196' title='bbox 445 1834 669 1886; x_wconf 87' lang='lat' dir='ltr'>patientior.</span> <span class='ocrx_word' id='word_1_197' title='bbox 748 1835 879 1887; x_wconf 91' lang='lat' dir='ltr'>posita</span> <span class='ocrx_word' id='word_1_198' title='bbox 921 1835 963 1875; x_wconf 91' lang='lat' dir='ltr'>in</span> <span class='ocrx_word' id='word_1_199' title='bbox 1006 1836 1110 1875; x_wconf 91' lang='lat' dir='ltr'>latus</span> <span class='ocrx_word' id='word_1_200' title='bbox 1151 1834 1307 1883; x_wconf 88' lang='lat' dir='ltr'>auxilia,</span> <span class='ocrx_word' id='word_1_201' title='bbox 1354 1835 1559 1875; x_wconf 76' lang='lat' dir='ltr'>infestam</span> 
     </span>
    </p>
   </div>
   <div class='ocr_carea' id='block_1_4' title="bbox 82 1939 1498 2544">
    <p class='ocr_par' dir='ltr' id='par_1_6' title="bbox 87 1939 1131 1981">
     <span class='ocr_line' id='line_1_28' title="bbox 87 1939 1131 1981; baseline -0.001 -9"><span class='ocrx_word' id='word_1_202' title='bbox 87 1939 269 1973; x_wconf 82' lang='lat' dir='ltr'>Summers</span> <span class='ocrx_word' id='word_1_203' title='bbox 399 1950 422 1980; x_wconf 92' lang='lat'>9</span> <span class='ocrx_word' id='word_1_204' title='bbox 444 1940 573 1981; x_wconf 87' lang='lat' dir='ltr'>gratior</span> <span class='ocrx_word' id='word_1_205' title='bbox 588 1939 674 1981; x_wconf 60' lang='lat' dir='ltr'>dett„</span> <span class='ocrx_word' id='word_1_206' title='bbox 694 1939 824 1979; x_wconf 82' lang='lat' dir='ltr'>Meiser,</span> <span class='ocrx_word' id='word_1_207' title='bbox 841 1940 880 1981; x_wconf 78' lang='lat' dir='ltr'>cs,</span> <span class='ocrx_word' id='word_1_208' title='bbox 900 1940 943 1972; x_wconf 90' lang='lat' dir='ltr'>iv.</span> <span class='ocrx_word' id='word_1_209' title='bbox 960 1940 1005 1972; x_wconf 82' lang='lat'>80</span> <span class='ocrx_word' id='word_1_210' title='bbox 1021 1939 1131 1972; x_wconf 88' lang='lat' dir='ltr'>levior</span> 
     </span>
    </p>

    <p class='ocr_par' dir='ltr' id='par_1_7' title="bbox 87 1983 1497 2113">
     <span class='ocr_line' id='line_1_29' title="bbox 131 1983 1497 2026; baseline 0 -10"><span class='ocrx_word' id='word_1_211' title='bbox 131 1991 168 2026; x_wconf 86' lang='lat'>4.</span> <span class='ocrx_word' id='word_1_212' title='bbox 193 1994 214 2016; x_wconf 81' lang='lat'>2</span> <span class='ocrx_word' id='word_1_213' title='bbox 238 1983 458 2016; x_wconf 86' lang='lat' dir='ltr'>inclimenter</span> <span class='ocrx_word' id='word_1_214' title='bbox 474 1984 518 2016; x_wconf 90' lang='lat' dir='ltr'><em>M</em></span> <span class='ocrx_word' id='word_1_215' title='bbox 685 1995 705 2024; x_wconf 86' lang='lat'><strong>4</strong></span> <span class='ocrx_word' id='word_1_216' title='bbox 729 1989 913 2016; x_wconf 85' lang='lat' dir='ltr'>cunctator</span> <span class='ocrx_word' id='word_1_217' title='bbox 929 1984 1088 2026; x_wconf 77' lang='lat' dir='ltr'>Lipsius:</span> <span class='ocrx_word' id='word_1_218' title='bbox 1112 1983 1316 2026; x_wconf 77' lang='lat' dir='ltr'>cunctaltior</span> <span class='ocrx_word' id='word_1_219' title='bbox 1332 1983 1373 2016; x_wconf 92' lang='lat' dir='ltr'><em>M</em></span> <span class='ocrx_word' id='word_1_220' title='bbox 1385 1995 1394 2017; x_wconf 71' lang='grc' dir='ltr'><em>τ</em></span> <span class='ocrx_word' id='word_1_221' title='bbox 1417 1994 1497 2016; x_wconf 89' lang='lat' dir='ltr'>cun-</span> 
     </span>
     <span class='ocr_line' id='line_1_30' title="bbox 87 2027 1496 2069; baseline 0 -9"><span class='ocrx_word' id='word_1_222' title='bbox 87 2029 236 2061; x_wconf 82' lang='lat' dir='ltr'>ctantior</span> <span class='ocrx_word' id='word_1_223' title='bbox 250 2027 372 2068; x_wconf 84' lang='lat' dir='ltr'>Halm,</span> <span class='ocrx_word' id='word_1_224' title='bbox 388 2028 426 2069; x_wconf 87' lang='lat' dir='ltr'>cf.</span> <span class='ocrx_word' id='word_1_225' title='bbox 445 2031 558 2060; x_wconf 83' lang='lat' dir='ltr'>tamen</span> <span class='ocrx_word' id='word_1_226' title='bbox 575 2027 670 2060; x_wconf 82' lang='lat' dir='ltr'>Suet.</span> <span class='ocrx_word' id='word_1_227' title='bbox 688 2027 754 2060; x_wconf 86' lang='lat' dir='ltr'><em>Iul.</em></span> <span class='ocrx_word' id='word_1_228' title='bbox 774 2029 818 2059; x_wconf 88' lang='lat'>60</span> <span class='ocrx_word' id='word_1_229' title='bbox 835 2028 913 2059; x_wconf 79' lang='lat' dir='ltr'>Ihm</span> <span class='ocrx_word' id='word_1_230' title='bbox 1082 2037 1103 2068; x_wconf 85' lang='lat'><strong><em>5</em></strong></span> <span class='ocrx_word' id='word_1_231' title='bbox 1127 2027 1229 2069; x_wconf 88' lang='lat' dir='ltr'>idque</span> <span class='ocrx_word' id='word_1_232' title='bbox 1247 2028 1288 2060; x_wconf 95' lang='lat' dir='ltr'><em>M</em></span> <span class='ocrx_word' id='word_1_233' title='bbox 1457 2039 1496 2061; x_wconf 82' lang='lat'>12</span> 
     </span>
     <span class='ocr_line' id='line_1_31' title="bbox 87 2071 489 2113; baseline -0.002 -9"><span class='ocrx_word' id='word_1_234' title='bbox 87 2072 250 2104; x_wconf 83' lang='lat' dir='ltr'>honestas</span> <span class='ocrx_word' id='word_1_235' title='bbox 266 2071 317 2113; x_wconf 93' lang='lat' dir='ltr'>M,</span> <span class='ocrx_word' id='word_1_236' title='bbox 335 2081 415 2104; x_wconf 86' lang='lat' dir='ltr'>corr.</span> <span class='ocrx_word' id='word_1_237' title='bbox 434 2071 489 2103; x_wconf 81' lang='grc' dir='ltr'>Μι</span> 
     </span>
    </p>

    <p class='ocr_par' dir='ltr' id='par_1_8' title="bbox 82 2114 1498 2544">
     <span class='ocr_line' id='line_1_32' title="bbox 132 2114 1493 2158; baseline -0.001 -10"><span class='ocrx_word' id='word_1_238' title='bbox 132 2122 168 2158; x_wconf 91' lang='grc'>5.</span> <span class='ocrx_word' id='word_1_239' title='bbox 197 2126 211 2147; x_wconf 90' lang='lat'>1</span> <span class='ocrx_word' id='word_1_240' title='bbox 237 2116 470 2148; x_wconf 85' lang='lat' dir='ltr'>transmittere</span> <span class='ocrx_word' id='word_1_241' title='bbox 513 2115 639 2148; x_wconf 87' lang='lat' dir='ltr'>bellum</span> <span class='ocrx_word' id='word_1_242' title='bbox 667 2114 864 2149; x_wconf 80' lang='lat' dir='ltr'>Acidalius:</span> <span class='ocrx_word' id='word_1_243' title='bbox 918 2115 1151 2148; x_wconf 85' lang='lat' dir='ltr'>transmittere</span> <span class='ocrx_word' id='word_1_244' title='bbox 1192 2115 1335 2148; x_wconf 88' lang='lat' dir='ltr'>militem</span> <span class='ocrx_word' id='word_1_245' title='bbox 1368 2115 1493 2148; x_wconf 83' lang='lat' dir='ltr'>Ritter:</span> 
     </span>
     <span class='ocr_line' id='line_1_33' title="bbox 87 2158 1496 2200; baseline -0.001 -8"><span class='ocrx_word' id='word_1_246' title='bbox 87 2159 320 2192; x_wconf 83' lang='lat' dir='ltr'>transmittere</span> <span class='ocrx_word' id='word_1_247' title='bbox 336 2169 408 2191; x_wconf 88' lang='lat' dir='ltr'>rem</span> <span class='ocrx_word' id='word_1_248' title='bbox 428 2158 576 2192; x_wconf 83' lang='lat' dir='ltr'>Walter:</span> <span class='ocrx_word' id='word_1_249' title='bbox 598 2159 725 2191; x_wconf 91' lang='lat' dir='ltr'>bellum</span> <span class='ocrx_word' id='word_1_250' title='bbox 741 2163 818 2200; x_wconf 83' lang='lat' dir='ltr'>post</span> <span class='ocrx_word' id='word_1_251' title='bbox 832 2159 962 2191; x_wconf 83' lang='lat' dir='ltr'>Italiam</span> <span class='ocrx_word' id='word_1_252' title='bbox 978 2159 1109 2192; x_wconf 84' lang='lat' dir='ltr'>addidit</span> <span class='ocrx_word' id='word_1_253' title='bbox 1122 2159 1234 2191; x_wconf 89' lang='lat' dir='ltr'>Halm</span> <span class='ocrx_word' id='word_1_254' title='bbox 1331 2160 1496 2200; x_wconf 88' lang='lat' dir='ltr'>inpunem</span> 
     </span>
     <span class='ocr_line' id='line_1_34' title="bbox 87 2203 1495 2246; baseline -0.001 -10"><span class='ocrx_word' id='word_1_255' title='bbox 87 2203 132 2236; x_wconf 89' lang='lat' dir='ltr'><em>M</em></span> <span class='ocrx_word' id='word_1_256' title='bbox 278 2213 299 2234; x_wconf 86' lang='lat'>2</span> <span class='ocrx_word' id='word_1_257' title='bbox 323 2203 450 2244; x_wconf 88' lang='lat' dir='ltr'>aponio</span> <span class='ocrx_word' id='word_1_258' title='bbox 465 2204 591 2236; x_wconf 79' lang='lat' dir='ltr'>satium</span> <span class='ocrx_word' id='word_1_259' title='bbox 607 2204 656 2244; x_wconf 87' lang='lat' dir='ltr'>M,</span> <span class='ocrx_word' id='word_1_260' title='bbox 678 2204 761 2235; x_wconf 82' lang='lat' dir='ltr'>inter</span> <span class='ocrx_word' id='word_1_261' title='bbox 774 2214 878 2245; x_wconf 85' lang='lat' dir='ltr'>quam</span> <span class='ocrx_word' id='word_1_262' title='bbox 890 2204 1036 2245; x_wconf 83' lang='lat' dir='ltr'>priorem</span> <span class='ocrx_word' id='word_1_263' title='bbox 1054 2204 1203 2235; x_wconf 81' lang='lat' dir='ltr'>nominis</span> <span class='ocrx_word' id='word_1_264' title='bbox 1217 2205 1271 2243; x_wconf 90' lang='lat' dir='ltr'>(sc.</span> <span class='ocrx_word' id='word_1_265' title='bbox 1293 2203 1495 2246; x_wconf 87' lang='lat' dir='ltr'>Saturnino)</span> 
     </span>
     <span class='ocr_line' id='line_1_35' title="bbox 82 2247 1497 2291; baseline 0 -12"><span class='ocrx_word' id='word_1_266' title='bbox 82 2250 216 2290; x_wconf 81' lang='lat' dir='ltr'>partem</span> <span class='ocrx_word' id='word_1_267' title='bbox 234 2251 266 2279; x_wconf 85' lang='lat' dir='ltr'>et</span> <span class='ocrx_word' id='word_1_268' title='bbox 279 2247 421 2279; x_wconf 83' lang='lat' dir='ltr'>alteram</span> <span class='ocrx_word' id='word_1_269' title='bbox 438 2248 520 2280; x_wconf 90' lang='lat' dir='ltr'>nino</span> <span class='ocrx_word' id='word_1_270' title='bbox 539 2248 575 2279; x_wconf 79' lang='lat' dir='ltr'>in</span> <span class='ocrx_word' id='word_1_271' title='bbox 591 2247 733 2280; x_wconf 72' lang='lat' dir='ltr'>Medic-eo</span> <span class='ocrx_word' id='word_1_272' title='bbox 753 2248 861 2289; x_wconf 81' lang='lat' dir='ltr'>posita</span> <span class='ocrx_word' id='word_1_273' title='bbox 879 2251 961 2280; x_wconf 84' lang='lat' dir='ltr'>sunt</span> <span class='ocrx_word' id='word_1_274' title='bbox 976 2249 1188 2280; x_wconf 88' lang='lat' dir='ltr'>revirescere</span> <span class='ocrx_word' id='word_1_275' title='bbox 1207 2247 1250 2291; x_wconf 82' lang='lat' dir='ltr'>(c.</span> <span class='ocrx_word' id='word_1_276' title='bbox 1269 2258 1298 2288; x_wconf 89' lang='lat'>7.</span> <span class='ocrx_word' id='word_1_277' title='bbox 1317 2248 1372 2288; x_wconf 91' lang='lat'>10)</span> <span class='ocrx_word' id='word_1_278' title='bbox 1392 2258 1497 2289; x_wconf 83' lang='lat' dir='ltr'>usque</span> 
     </span>
     <span class='ocr_line' id='line_1_36' title="bbox 87 2290 1497 2334; baseline 0 -11"><span class='ocrx_word' id='word_1_279' title='bbox 87 2290 137 2324; x_wconf 83' lang='lat' dir='ltr'>ad</span> <span class='ocrx_word' id='word_1_280' title='bbox 148 2290 277 2324; x_wconf 87' lang='lat' dir='ltr'>inimici</span> <span class='ocrx_word' id='word_1_281' title='bbox 297 2293 342 2334; x_wconf 83' lang='lat' dir='ltr'>(c.</span> <span class='ocrx_word' id='word_1_282' title='bbox 362 2301 395 2332; x_wconf 92' lang='lat'>9.</span> <span class='ocrx_word' id='word_1_283' title='bbox 416 2293 473 2334; x_wconf 80' lang='lat'>22)</span> <span class='ocrx_word' id='word_1_284' title='bbox 489 2304 496 2324; x_wconf 75' lang='grc' dir='ltr'><strong><em>ε</em></strong></span> <span class='ocrx_word' id='word_1_285' title='bbox 518 2303 636 2324; x_wconf 86' lang='lat' dir='ltr'>verum</span> <span class='ocrx_word' id='word_1_286' title='bbox 653 2291 802 2323; x_wconf 80' lang='lat' dir='ltr'>ordinem</span> <span class='ocrx_word' id='word_1_287' title='bbox 820 2292 960 2324; x_wconf 80' lang='lat' dir='ltr'>restituit</span> <span class='ocrx_word' id='word_1_288' title='bbox 974 2291 1119 2324; x_wconf 80' lang='lat' dir='ltr'>Pichena</span> <span class='ocrx_word' id='word_1_289' title='bbox 1237 2292 1425 2324; x_wconf 89' lang='lat' dir='ltr'>exercitum</span> <span class='ocrx_word' id='word_1_290' title='bbox 1443 2292 1497 2332; x_wconf 91' lang='lat' dir='ltr'>M,</span> 
     </span>
     <span class='ocr_line' id='line_1_37' title="bbox 87 2335 1498 2377; baseline 0 -9"><span class='ocrx_word' id='word_1_291' title='bbox 87 2345 168 2368; x_wconf 86' lang='lat' dir='ltr'>corr.</span> <span class='ocrx_word' id='word_1_292' title='bbox 188 2335 243 2367; x_wconf 69' lang='grc' dir='ltr'>Μι</span> <span class='ocrx_word' id='word_1_293' title='bbox 416 2346 436 2376; x_wconf 88' lang='lat'><strong>3</strong></span> <span class='ocrx_word' id='word_1_294' title='bbox 462 2346 501 2368; x_wconf 86' lang='lat' dir='ltr'>ac</span> <span class='ocrx_word' id='word_1_295' title='bbox 525 2347 568 2368; x_wconf 89' lang='lat' dir='ltr'>ne</span> <span class='ocrx_word' id='word_1_296' title='bbox 586 2361 593 2368; x_wconf 88' lang='lat'><strong><em>.</em></strong></span> <span class='ocrx_word' id='word_1_297' title='bbox 614 2361 621 2369; x_wconf 92' lang='lat'><strong><em>.</em></strong></span> <span class='ocrx_word' id='word_1_298' title='bbox 639 2361 646 2368; x_wconf 93' lang='lat'>.</span> <span class='ocrx_word' id='word_1_299' title='bbox 667 2340 923 2376; x_wconf 89' lang='lat' dir='ltr'>exponerentur</span> <span class='ocrx_word' id='word_1_300' title='bbox 945 2341 1023 2368; x_wconf 85' lang='lat' dir='ltr'>ante</span> <span class='ocrx_word' id='word_1_301' title='bbox 1046 2336 1156 2377; x_wconf 89' lang='lat' dir='ltr'>posita</span> <span class='ocrx_word' id='word_1_302' title='bbox 1179 2346 1210 2369; x_wconf 86' lang='lat' dir='ltr'>v.</span> <span class='ocrx_word' id='word_1_303' title='bbox 1234 2346 1273 2367; x_wconf 94' lang='lat'>10</span> <span class='ocrx_word' id='word_1_304' title='bbox 1289 2339 1498 2377; x_wconf 83' lang='lat' dir='ltr'>transposuit</span> 
     </span>
     <span class='ocr_line' id='line_1_38' title="bbox 87 2378 1496 2422; baseline 0 -11"><span class='ocrx_word' id='word_1_305' title='bbox 87 2378 267 2411; x_wconf 71' lang='lat' dir='ltr'>Andalius</span> <span class='ocrx_word' id='word_1_306' title='bbox 397 2390 417 2419; x_wconf 82' lang='lat'><strong>4</strong></span> <span class='ocrx_word' id='word_1_307' title='bbox 441 2380 609 2421; x_wconf 88' lang='lat' dir='ltr'>principis</span> <span class='ocrx_word' id='word_1_308' title='bbox 626 2380 669 2411; x_wconf 93' lang='lat' dir='ltr'><em>M</em></span> <span class='ocrx_word' id='word_1_309' title='bbox 806 2381 827 2411; x_wconf 87' lang='lat'><em>8</em></span> <span class='ocrx_word' id='word_1_310' title='bbox 851 2385 1007 2412; x_wconf 84' lang='lat' dir='ltr'>trauntur</span> <span class='ocrx_word' id='word_1_311' title='bbox 1023 2381 1062 2422; x_wconf 83' lang='lat' dir='ltr'>(h</span> <span class='ocrx_word' id='word_1_312' title='bbox 1078 2385 1238 2422; x_wconf 79' lang='lat' dir='ltr'>superscr.</span> <span class='ocrx_word' id='word_1_313' title='bbox 1256 2379 1327 2418; x_wconf 79' lang='lat' dir='ltr'>M2)</span> <span class='ocrx_word' id='word_1_314' title='bbox 1346 2381 1379 2412; x_wconf 88' lang='lat' dir='ltr'>in</span> <span class='ocrx_word' id='word_1_315' title='bbox 1397 2384 1496 2421; x_wconf 90' lang='lat' dir='ltr'>parte</span> 
     </span>
     <span class='ocr_line' id='line_1_39' title="bbox 89 2423 1493 2466; baseline 0.001 -11"><span class='ocrx_word' id='word_1_316' title='bbox 89 2423 133 2455; x_wconf 85' lang='lat' dir='ltr'><em>M</em></span> <span class='ocrx_word' id='word_1_317' title='bbox 308 2434 348 2455; x_wconf 91' lang='lat'>10</span> <span class='ocrx_word' id='word_1_318' title='bbox 371 2423 584 2456; x_wconf 89' lang='lat' dir='ltr'>commissior</span> <span class='ocrx_word' id='word_1_319' title='bbox 599 2424 687 2456; x_wconf 89' lang='lat' dir='ltr'>obelo</span> <span class='ocrx_word' id='word_1_320' title='bbox 708 2424 841 2456; x_wconf 84' lang='lat' dir='ltr'>notavi:</span> <span class='ocrx_word' id='word_1_321' title='bbox 877 2424 1049 2456; x_wconf 83' lang='lat' dir='ltr'>commissi</span> <span class='ocrx_word' id='word_1_322' title='bbox 1065 2423 1094 2465; x_wconf 86' lang='lat' dir='ltr'>b,</span> <span class='ocrx_word' id='word_1_323' title='bbox 1109 2424 1269 2465; x_wconf 83' lang='lat' dir='ltr'>probante</span> <span class='ocrx_word' id='word_1_324' title='bbox 1289 2424 1493 2466; x_wconf 81' lang='lat' dir='ltr'>Valmaggi:</span> 
     </span>
     <span class='ocr_line' id='line_1_40' title="bbox 89 2467 1494 2510; baseline 0.001 -11"><span class='ocrx_word' id='word_1_325' title='bbox 89 2467 292 2500; x_wconf 86' lang='lat' dir='ltr'>commissae</span> <span class='ocrx_word' id='word_1_326' title='bbox 309 2467 353 2499; x_wconf 87' lang='lat' dir='ltr'>al.</span> <span class='ocrx_word' id='word_1_327' title='bbox 369 2479 376 2500; x_wconf 92' lang='lat'>:</span> <span class='ocrx_word' id='word_1_328' title='bbox 402 2468 600 2501; x_wconf 87' lang='lat' dir='ltr'>commilitio</span> <span class='ocrx_word' id='word_1_329' title='bbox 618 2468 757 2500; x_wconf 77' lang='lat' dir='ltr'>Mez&#39;ser:</span> <span class='ocrx_word' id='word_1_330' title='bbox 780 2479 879 2509; x_wconf 85' lang='lat' dir='ltr'>quarn</span> <span class='ocrx_word' id='word_1_331' title='bbox 897 2468 1065 2500; x_wconf 86' lang='lat' dir='ltr'>iussorum</span> <span class='ocrx_word' id='word_1_332' title='bbox 1084 2467 1229 2510; x_wconf 75' lang='lat' dir='ltr'>Scheffer</span> <span class='ocrx_word' id='word_1_333' title='bbox 1337 2469 1494 2509; x_wconf 87' lang='lat' dir='ltr'>opposita</span> 
     </span>
     <span class='ocr_line' id='line_1_41' title="bbox 90 2511 382 2544; baseline 0.003 -2"><span class='ocrx_word' id='word_1_334' title='bbox 90 2511 275 2544; x_wconf 81' lang='lat' dir='ltr'>Rhenanus</span> <span class='ocrx_word' id='word_1_335' title='bbox 293 2512 382 2544; x_wconf 81' lang='lat' dir='ltr'>tacite</span> 
     </span>
    </p>
   </div>
  </div>
 </body>
</html>
