1748 2826
179 130 243 168 III
266 131 309 169 81
710 132 984 172 CORNELII
1015 133 1209 173 TACITI

263 241 304 281 ni
325 240 532 282 admonitu
560 241 842 282 modestissimi
867 242 1058 294 cuiusque
1085 250 1124 282 et
1143 242 1228 282 aliis
1256 242 1528 284 minitantibus
1557 245 1654 284 omi·

262 306 374 346 sisset
420 306 737 358 intempestivam
784 307 1029 358 sapientiam.
1086 307 1227 348 obviae
1265 309 1371 348 fuere
1409 315 1448 347 et
1485 307 1653 360 virgines

261 373 441 412 Vestales
474 386 566 411 cum
598 372 774 423 epistulis
805 372 954 412 Vitellii
984 374 1036 412 ad
1067 374 1288 413 Antonium
1320 372 1495 426 scriptis:
1534 372 1653 414 eximi

262 450 448 489 supremo
473 437 677 477 certamini
703 451 827 477 unum
853 438 959 477 diem
988 438 1237 489 postulabat:
1269 437 1301 478 si
1327 452 1479 479 moram
1500 437 1654 479 interie-

204 517 241 540 ιο
261 502 417 550 cissent,
442 503 592 543 facilius
621 503 757 543 omnia
785 510 1039 543 conventura.
1096 503 1264 555 virgines
1293 517 1385 543 cum
1418 505 1570 544 honore
1597 503 1654 544 di·

261 567 430 617 missae3
457 568 618 608 Vitellio
644 567 875 620 rescriptum
900 567 1036 608 Sabini
1060 570 1182 608 caede
1202 576 1240 608 et
1260 567 1447 609 incendio
1467 567 1654 620 Capitolii

260 631 456 685 dirempta
475 633 568 673 belli
588 632 835 672 commercia.

190 694 241 732 82
422 698 649 749 Temptavit
695 705 829 737 tamen
877 697 1075 738 Antonius
1121 705 1279 738 vocatas
1325 699 1378 738 ad
1424 697 1654 738 contionem

262 762 437 815 legiones
470 763 657 815 mitigare,
695 770 738 803 ut
769 762 903 802 castris
942 763 1048 803 iuxta
1085 770 1250 815 pontem
1285 762 1483 803 Mulvium
1515 761 1654 814 positis

261 836 420 880 postera
449 828 515 868 die
544 828 683 868 urbem
716 829 1021 879 ingrederentur.
1079 829 1179 868 ratio
1208 827 1435 876 cunctandi,
1465 841 1517 867 ne
1544 840 1654 878 aspe-

261 902 366 934 ratus
395 895 546 945 proelio
573 894 685 934 miles
711 907 794 933 non
820 895 979 944 populo,
1008 906 1091 933 non
1118 892 1282 941 senatui,
1307 905 1359 934 ne
1385 892 1542 944 templis
1567 893 1654 943 qui-

222 977 239 1008 5
261 961 352 1000 dem
373 973 420 999 ac
440 959 614 999 delubris
635 960 801 998 deorum
823 959 1055 998 consuleret.
1115 958 1186 997 sed
1212 969 1373 997 omnem
1393 956 1654 1009 prolationem

260 1031 303 1063 ut
323 1023 524 1064 inimicam
547 1023 732 1063 victoriae
762 1023 1068 1075 suspectabant;
1099 1022 1216 1063 simul
1235 1021 1424 1074 fulgentia
1452 1035 1522 1073 per
1543 1020 1655 1062 collis

261 1089 410 1138 vexilla,
441 1102 683 1140 quamquam
713 1087 882 1128 imbellis
913 1089 1084 1139 populus
1116 1094 1353 1140 sequeretur,
1385 1086 1560 1139 speciem
1586 1088 1656 1127 ho·

261 1154 357 1194 stilis
381 1153 572 1194 exercitus
602 1155 784 1193 fecerant.
843 1153 1035 1205 tripertito
1061 1152 1219 1204 agmine
1245 1166 1346 1205 pars,
1370 1159 1414 1192 ut
1439 1151 1652 1200 adstiterat,

262 1218 455 1258 Flaminia
474 1220 545 1266 via,
568 1231 656 1270 pars
677 1218 783 1257 iuxta
802 1217 927 1270 ripam
946 1217 1101 1258 Tiberis
1122 1217 1281 1257 incessit
1295 1231 1306 1267 3
1335 1216 1493 1257 tertium
1512 1229 1653 1269 agmen

205 1298 242 1321 ιο
261 1298 330 1335 per
363 1283 550 1323 Salariam
590 1283 769 1324 Collinae
807 1291 942 1335 portae
979 1283 1280 1335 propinquabat.
1339 1282 1452 1335 plebs
1490 1280 1655 1322 invectis

261 1349 461 1401 equitibus
490 1350 575 1388 fusa
589 1363 600 1397 3
638 1347 749 1388 miles
778 1348 1012 1388 Vitellianus
1042 1347 1150 1388 trinis
1180 1355 1218 1387 et
1247 1347 1331 1399 ipse
1359 1346 1563 1399 praesidiis
1591 1359 1655 1386 oc-

261 1414 390 1455 currit.
450 1414 598 1466 proelia
623 1422 716 1453 ante
743 1413 882 1454 urbem
913 1415 1036 1453 multa
1055 1421 1094 1453 et
1114 1413 1229 1462 varia,
1252 1414 1322 1453 sed
1344 1412 1539 1452 Flavianis
1563 1424 1656 1452 con·

263 1480 350 1520 silio
379 1481 529 1520 ducum
558 1478 847 1530 praestantibus
877 1480 1032 1530 saepius
1062 1492 1258 1530 prospera.
1321 1477 1349 1517 ii
1377 1485 1531 1517 tantum
1559 1490 1655 1516 con-

262 1544 398 1585 flictati
437 1551 528 1584 sunt
566 1544 634 1594 qui
663 1543 703 1583 in
741 1551 892 1595 partem
931 1543 1127 1583 sinistram
1164 1542 1271 1583 urbis
1308 1544 1361 1583 ad
1399 1543 1656 1583 Sallustianos

203 1624 240 1655 15
262 1611 397 1650 hortos
426 1623 496 1661 per
522 1616 688 1660 angusta
716 1616 755 1648 et
783 1609 933 1649 lubrica
956 1608 1106 1649 viarum
1135 1610 1332 1648 flexerant.
1390 1614 1656 1659 superstantes

262 1674 441 1714 maceriis
461 1675 665 1713 hortorum
685 1674 886 1714 Vitelliani
912 1676 964 1714 ad
992 1687 1120 1714 serum
1145 1688 1271 1725 usque
1291 1673 1398 1714 diem
1425 1672 1526 1713 saxis
1551 1672 1657 1725 pilis-

261 1754 340 1792 que
372 1739 576 1779 subeuntis
606 1740 804 1788 arcebant,
837 1741 967 1780 donec
1000 1740 1050 1779 ab
1083 1738 1293 1790 equitibus,
1327 1738 1395 1790 qui
1425 1745 1538 1790 porta
1566 1738 1658 1779 Col-

262 1805 342 1844 lina
374 1804 612 1856 inruperant,
648 1804 1032 1844 circumvenirentur.
1087 1817 1319 1844 concurrere
1358 1810 1397 1843 et
1435 1804 1475 1842 in
1513 1815 1656 1855 campo

263 1870 410 1910 Martio
436 1870 601 1911 infestae
626 1870 742 1910 acies.
799 1884 871 1922 pro
900 1869 1095 1910 Flavianis
1123 1871 1280 1910 fortuna
1307 1877 1347 1909 et
1375 1876 1484 1920 parta
1511 1867 1656 1909 totiens

202 1950 242 1972 20
262 1934 445 1974 victoria:
476 1934 675 1974 Vitelliani
706 1934 978 1985 desperatione
1013 1935 1095 1974 sola
1128 1935 1305 1983 ruebant,
1342 1941 1381 1974 et
1414 1946 1656 1986 quamquam

262 1998 375 2050 pulsi,
398 2013 529 2039 rursus
550 1999 590 2038 in
610 2000 708 2039 urbe
728 1999 1077 2051 congregabantur.

191 2067 243 2117 83
424 2065 574 2103 Aderat
612 2063 880 2115 pugnantibus
912 2071 1108 2115 spectator
1141 2065 1323 2115 populus,
1363 2071 1486 2115 utque
1522 2063 1563 2103 in
1603 2064 1657 2103 lu·

263 2128 373 2169 dicro
402 2128 627 2176 certamine,
659 2130 743 2177 hos,
774 2142 904 2169 rursus
934 2128 1021 2168 illos
1051 2130 1224 2169 clamore
1249 2135 1290 2169 et
1319 2129 1460 2181 plausu
1488 2128 1656 2168 fovebat.

308 2233 359 2266 81.
385 2243 406 2272 9
429 2233 614 2264 certamine
631 2232 675 2263 M
761 2232 855 2264 Inter
873 2233 1130 2265 lecissecissent
1147 2233 1190 2265 M
1329 2244 1368 2266 12
1391 2234 1524 2275 direpta
1539 2233 1583 2266 M

307 2276 364 2309 82.
391 2286 410 2306 2
436 2275 535 2307 mulvi
552 2276 594 2306 M
721 2286 742 2316 3
766 2277 853 2307 diem
872 2277 919 2313 M,
937 2287 1015 2309 corr.
1034 2277 1091 2308 M1
1224 2278 1246 2308 8
1268 2278 1450 2310 adsisterat
1466 2277 1509 2309 M
1618 2287 1655 2309 ιι

264 2320 400 2361 oclcurit
416 2319 459 2350 M
589 2329 628 2360 19
652 2320 877 2359 prosluvianis
893 2320 950 2353 M:
975 2320 1194 2361 prossuvianis
1210 2320 1266 2352 M1

307 2362 366 2403 83.
392 2373 411 2393 2
437 2366 513 2395 ante
530 2372 645 2395 rursus
662 2364 695 2394 in
714 2365 863 2404 margine
879 2365 979 2395 modo
994 2364 1123 2396 addidit
1138 2364 1181 2396 M
1183 2363 1194 2380 ²
1208 2368 1238 2396 et
1252 2364 1311 2396 del.
1329 2365 1371 2396 M
1373 2364 1386 2385 ³
