1748 2826
1591 91 1594 94 ,
1688 83 1694 91 .

1334 69 1377 103 p

208 142 226 179 I
247 152 301 189 50
687 143 961 182 CORNELII
993 143 1188 183 TACITI

247 251 347 299 leris,
380 251 494 290 simul
524 258 672 290 veteres
708 251 879 291 Othonis
914 264 1042 290 mores
1080 259 1289 303 paventem
1325 265 1450 292 novus
1480 252 1640 303 insuper

247 317 298 355 de
329 315 488 354 Vitellio
507 315 684 354 nuntius
716 315 909 363 exterruit,
940 323 1032 354 ante
1066 318 1230 356 caedem
1269 318 1422 357 Galbae
1460 329 1638 369 suppres-

246 393 311 418 sus
355 387 398 418 ut
443 387 597 418 tantum
641 379 850 430 superioris
889 380 1125 420 Germaniae
1172 381 1384 420 exercitum
1427 381 1640 422 descivisse

209 455 226 487 5
247 445 480 484 crederetur.
539 451 623 482 tum
651 445 751 483 duos
773 443 951 482 omnium
973 445 1196 485 mortalium
1217 446 1464 498 impudicitia
1486 445 1641 498 ignavia

247 508 398 548 luxuria
435 507 667 547 deterrimos
705 509 811 547 velut
848 510 900 547 ad
938 510 1173 559 perdendun
1226 511 1238 549 i
1284 510 1435 562 perium
1474 509 1641 551 fataliter

248 575 395 613 electos
424 586 506 611 non
536 580 694 612 senatus
723 573 846 611 modo
875 580 914 612 et
942 586 1074 623 eques,
1101 524 1345 626 quika'fflqua
1368 588 1456 626 pars
1479 582 1519 615 et
1547 588 1641 614 cura

247 638 301 677 rei
335 637 528 689 publicae,
564 639 634 677 sed
667 639 805 688 vulgus
839 651 999 688 quoque
1033 640 1162 689 palam
1197 653 1380 680 maerere.
1449 653 1524 679 nec
1561 639 1640 679 iarn

245 702 418 742 recentia
456 716 596 742 saevae
633 702 740 752 pacis
778 705 957 753 exempla
996 705 1066 743 sed
1110 704 1274 755 repetita
1315 705 1510 745 bellorum
1551 703 1640 743 civi-

186 782 227 805 10
246 767 343 805 lium
377 761 568 806 memo'r‘ia
601 775 757 817 captam
788 766 932 806 totiens
968 767 1047 807 suis
1081 769 1315 809 exercitibus
1344 770 1495 818 urbem,
1527 768 1640 809 vasti—

245 839 368 871 tatem
398 831 546 878 Italiae,
569 831 809 882 direptiones
838 831 1139 883 provinciarum,
1164 834 1405 873 Pharsaliam
1434 833 1640 885 Philippos

245 903 285 935 et
314 896 516 935 Perusiam
544 909 591 934 ac
621 895 832 944 Mutinam,
861 903 956 935 nota
985 897 1232 947 publicarum
1261 898 1435 938 cladium
1463 896 1639 947 nomina,

244 961 518 1011 loquebantur.
582 973 706 1010 prope
738 973 917 999 eversum
955 961 1093 1000 orbem
1131 963 1250 1001 etiam
1287 976 1380 1002 cum
1418 964 1470 1004 de
1501 961 1641 1014 princi-

245 1032 340 1076 patu
368 1024 469 1064 inter
497 1025 626 1064 bonos
656 1031 876 1072 certaretur,
904 1026 975 1064 sed
1004 1026 1195 1067 mansisse
1225 1029 1272 1066 G.
1304 1027 1420 1076 Iulio,
1449 1025 1642 1067 mansisse

187 1103 224 1135 15
246 1091 415 1131 Caesare
455 1092 637 1140 Augusto
674 1089 822 1129 victore
863 1089 1072 1141 imperium
1086 1106 1098 1140 ,·
1145 1105 1370 1132 mansuram
1408 1092 1528 1132 fuisse
1565 1091 1640 1132 sub

245 1155 439 1206 Pompeio
466 1157 670 1205 Brutoque
696 1168 778 1193 rem
803 1154 1028 1205 publicam:
1067 1170 1175 1196 nunc
1200 1171 1272 1208 pro
1299 1158 1462 1198 Othone
1490 1170 1543 1200 an
1567 1169 1641 1208 pro

244 1220 405 1259 Vitellio
440 1220 479 1258 in
514 1221 661 1269 templa
699 1218 851 1258 ituros?
892 1226 1076 1270 utrasque
1114 1221 1254 1271 impias
1291 1235 1440 1273 preces,
1473 1228 1642 1273 utraque

244 1287 479 1325 detestanda
512 1292 604 1324 vota
637 1284 738 1323 inter
775 1286 886 1332 duos,
923 1297 1092 1335 quorum
1126 1286 1232 1326 bello
1265 1288 1395 1326 solum
1427 1286 1470 1327 id
1506 1285 1638 1334 scires,

244 1349 479 1390 deteriorem
506 1351 588 1389 fore
614 1348 682 1400 qui
710 1348 876 1388 vicisset.
934 1357 1044 1389 erant
1070 1350 1139 1401 qui
1158 1351 1449 1403 Vespasianum
1468 1357 1508 1392 et
1529 1364 1654 1392 arma·

186 1428 226 1451 20
245 1414 418 1455 Orientis
451 1420 742 1465 augurarentur‚
774 1420 813 1452 et
845 1420 889 1452 ut
922 1413 1051 1464 potior
1079 1422 1247 1466 utroque
1275 1415 1555 1468 Vespasianus,
1585 1414 1641 1456 ita

244 1481 395 1519 bellurn
428 1479 536 1518 aliud
569 1486 689 1529 atque
721 1478 816 1517 alias
854 1478 977 1517 cladis
1011 1480 1235 1519 horrebant.
1293 1488 1333 1520 et
1365 1480 1551 1532 ambigua
1585 1481 1639 1521 de

243 1543 489 1594 Vespasiano
528 1545 643 1591 fama,
684 1544 871 1593 solusque
909 1543 1088 1583 omnium
1125 1552 1218 1584 ante
1255 1559 1298 1585 se
1335 1545 1559 1598 principum
1596 1543 1638 1586 in

244 1607 384 1648 melius
414 1614 586 1647 mutatus
615 1614 685 1647 est.

180 1678 224 1718 51
406 1674 526 1712 Nunc
571 1671 681 1711 initia
727 1685 945 1723 causasque
992 1681 1122 1713 motus
1166 1674 1368 1715 Vitelliani
1415 1675 1635 1728 expediam.

243 1751 360 1778 caeso
386 1751 478 1778 cum
505 1737 691 1777 omnibus
719 1736 844 1788 copiis
875 1737 978 1777 Iulio
1001 1738 1171 1779 Vindice
1197 1741 1304 1779 ferox
1330 1741 1476 1792 praeda
1502 1740 1639 1792 gloria-

243 1817 322 1855 que
353 1803 559 1852 exercitus,
589 1810 632 1842 ut
665 1803 730 1843 cui
764 1803 848 1843 sine
881 1803 1016 1843 labore
1048 1817 1095 1843 ac
1129 1805 1303 1855 periculo
1332 1805 1515 1846 ditissimi
1543 1804 1640 1846 belli

242 1867 404 1907 victoria
447 1867 651 1915 evenisset,
697 1867 991 1919 expeditionem
1035 1876 1074 1908 et
1119 1871 1260 1920 aciem,
1301 1870 1476 1922 praemia
1515 1883 1639 1922 quam

205 1944 223 1976 5
243 1931 440 1982 stipendia
478 1933 660 1972 malebat.
732 1933 800 1972 diu
842 1933 1125 1975 infructuosam
1163 1943 1202 1975 et
1239 1949 1419 1988 asperam
1457 1935 1639 1976 militiam

243 1997 502 2035 toleraverant
539 1996 699 2047 ingenio
738 1997 815 2037 loci
854 1998 1032 2050 caelique
1069 2007 1108 2039 et
1149 2000 1354 2041 severitate
1393 1999 1636 2051 disciplinae,

242 2073 362 2111 quam
392 2060 433 2099 in
462 2074 560 2112 pace
590 2061 872 2101 inexorabilem
907 2063 1129 2104 discordiae
1158 2065 1303 2104 civium
1332 2066 1543 2112 resolvunt,
1560 2076 1639 2115 ·pa-

285 2172 348 2207 50.
373 2175 394 2204 4
419 2164 608 2196 exercitum
627 2163 711 2195 M¹z
737 2165 908 2196 exercitus
925 2165 968 2196 M
1133 2177 1169 2198 11
1195 2177 1273 2208 pars
1288 2167 1386 2199 aliam
1402 2165 1444 2198 M
1597 2175 1637 2197 12

241 2208 389 2250 persiam
404 2208 455 2248 M,
473 2219 494 2239 u
511 2207 736 2249 super-sempsit
749 2207 812 2238 M²
908 2219 947 2241 ac
973 2209 1138 2242 Mutinam
1155 2214 1230 2242 ante
1246 2211 1420 2251 Philippos
1436 2209 1640 2250 transposuit

240 2253 392 2284 Bonnet:
416 2256 450 2283 et
469 2250 645 2283 Perusiam
663 2261 701 2283 ac
719 2251 886 2282 Mutinam
901 2252 969 2283 secl.
989 2252 1171 2286 Grunauer
1254 2253 1422 2286 claudium
1436 2253 1480 2284 M
1598 2259 1636 2291 15

240 2301 379 2329 caesare
410 2295 458 2335 M,
490 2304 567 2326 corr.
595 2293 638 2324 M
644 2293 655 2313 ¹
790 2295 830 2324 16
852 2295 980 2327 othone
1005 2294 1056 2336 M,
1081 2307 1161 2329 corr.
1186 2295 1229 2327 Μ
1236 2296 1248 2318 ¹
1382 2305 1419 2336 17
1443 2294 1571 2336 templo
1597 2293 1641 2326 M

241 2349 282 2371 22
306 2338 497 2379 principum
517 2337 654 2369 Imelius
671 2336 795 2379 multus
811 2337 854 2369 M

286 2387 339 2423 51.
366 2389 386 2421 5
410 2380 568 2412 mallebat
584 2379 627 2411 M
