<?xml version="1.0" encoding="UTF-8"?>
<!DOCTYPE html PUBLIC "-//W3C//DTD XHTML 1.0 Transitional//EN"
    "http://www.w3.org/TR/xhtml1/DTD/xhtml1-transitional.dtd">
<html xmlns="http://www.w3.org/1999/xhtml" xml:lang="en" lang="en">
 <head>
  <title>
</title>
<meta http-equiv="Content-Type" content="text/html;charset=utf-8" />
  <meta name='ocr-system' content='tesseract 3.04.00' />
  <meta name='ocr-capabilities' content='ocr_page ocr_carea ocr_par ocr_line ocrx_word'/>
</head>
<body>
  <div class='ocr_page' id='page_1' title='image "./historiarumlibri00taciuoft_0069.png"; bbox 0 0 1748 2826; ppageno 0'>
   <div class='ocr_carea' id='block_1_1' title="bbox 451 127 1561 170">
    <p class='ocr_par' dir='ltr' id='par_1_1' title="bbox 451 127 1561 170">
     <span class='ocr_line' id='line_1_1' title="bbox 451 127 1561 170; baseline -0.005 0"><span class='ocrx_word' id='word_1_1' title='bbox 451 130 859 170; x_wconf 87' lang='lat' dir='ltr'>HISTORIARVM</span> <span class='ocrx_word' id='word_1_2' title='bbox 891 130 1064 167; x_wconf 92' lang='lat' dir='ltr'><strong>LIBER</strong></span> <span class='ocrx_word' id='word_1_3' title='bbox 1095 129 1114 167; x_wconf 96' lang='lat' dir='ltr'>I</span> <span class='ocrx_word' id='word_1_4' title='bbox 1466 127 1485 165; x_wconf 95' lang='lat' dir='ltr'>I</span> <span class='ocrx_word' id='word_1_5' title='bbox 1508 127 1561 165; x_wconf 90' lang='lat'>88</span> 
     </span>
    </p>
   </div>
   <div class='ocr_carea' id='block_1_2' title="bbox 71 234 1566 1918">
    <p class='ocr_par' dir='ltr' id='par_1_2' title="bbox 78 234 1549 487">
     <span class='ocr_line' id='line_1_2' title="bbox 80 234 1549 289; baseline -0.005 -8"><span class='ocrx_word' id='word_1_6' title='bbox 80 247 167 280; x_wconf 88' lang='lat' dir='ltr'>tum</span> <span class='ocrx_word' id='word_1_7' title='bbox 197 239 291 281; x_wconf 89' lang='lat' dir='ltr'>belli</span> <span class='ocrx_word' id='word_1_8' title='bbox 329 245 608 280; x_wconf 84' lang='lat' dir='ltr'><strong>mercarentur.</strong></span> <span class='ocrx_word' id='word_1_9' title='bbox 675 237 921 289; x_wconf 87' lang='lat' dir='ltr'>sapientibus</span> <span class='ocrx_word' id='word_1_10' title='bbox 959 236 1104 287; x_wconf 89' lang='lat' dir='ltr'>quietis</span> <span class='ocrx_word' id='word_1_11' title='bbox 1135 243 1175 275; x_wconf 92' lang='lat' dir='ltr'>et</span> <span class='ocrx_word' id='word_1_12' title='bbox 1212 235 1267 275; x_wconf 89' lang='lat' dir='ltr'>rei</span> <span class='ocrx_word' id='word_1_13' title='bbox 1305 234 1489 286; x_wconf 87' lang='lat' dir='ltr'>publicae</span> <span class='ocrx_word' id='word_1_14' title='bbox 1513 247 1549 280; x_wconf 87' lang='lat'>15</span> 
     </span>
     <span class='ocr_line' id='line_1_3' title="bbox 79 301 1490 356; baseline -0.006 -10"><span class='ocrx_word' id='word_1_15' title='bbox 79 318 199 356; x_wconf 81' lang='lat' dir='ltr'>cura;</span> <span class='ocrx_word' id='word_1_16' title='bbox 235 303 459 346; x_wconf 87' lang='lat' dir='ltr'>levissimus</span> <span class='ocrx_word' id='word_1_17' title='bbox 487 303 658 355; x_wconf 89' lang='lat' dir='ltr'>quisque</span> <span class='ocrx_word' id='word_1_18' title='bbox 692 310 732 342; x_wconf 91' lang='lat' dir='ltr'>et</span> <span class='ocrx_word' id='word_1_19' title='bbox 765 301 885 342; x_wconf 90' lang='lat' dir='ltr'>futuri</span> <span class='ocrx_word' id='word_1_20' title='bbox 917 301 1162 353; x_wconf 90' lang='lat' dir='ltr'>improvidus</span> <span class='ocrx_word' id='word_1_21' title='bbox 1197 314 1268 352; x_wconf 91' lang='lat' dir='ltr'>spe</span> <span class='ocrx_word' id='word_1_22' title='bbox 1298 313 1399 339; x_wconf 87' lang='lat' dir='ltr'>vana</span> <span class='ocrx_word' id='word_1_23' title='bbox 1433 308 1490 339; x_wconf 90' lang='lat' dir='ltr'>tu-</span> 
     </span>
     <span class='ocr_line' id='line_1_4' title="bbox 79 365 1489 420; baseline -0.004 -10"><span class='ocrx_word' id='word_1_24' title='bbox 79 382 218 420; x_wconf 80' lang='lat' dir='ltr'>mens3</span> <span class='ocrx_word' id='word_1_25' title='bbox 254 369 369 410; x_wconf 89' lang='lat' dir='ltr'>multi</span> <span class='ocrx_word' id='word_1_26' title='bbox 405 368 567 408; x_wconf 87' lang='lat' dir='ltr'>adflicta</span> <span class='ocrx_word' id='word_1_27' title='bbox 599 369 680 407; x_wconf 92' lang='lat' dir='ltr'>fide</span> <span class='ocrx_word' id='word_1_28' title='bbox 713 367 754 407; x_wconf 92' lang='lat' dir='ltr'>in</span> <span class='ocrx_word' id='word_1_29' title='bbox 792 380 891 419; x_wconf 90' lang='lat' dir='ltr'>pace</span> <span class='ocrx_word' id='word_1_30' title='bbox 924 366 1041 414; x_wconf 86' lang='lat' dir='ltr'>anxii,</span> <span class='ocrx_word' id='word_1_31' title='bbox 1072 366 1237 405; x_wconf 90' lang='lat' dir='ltr'>turbatis</span> <span class='ocrx_word' id='word_1_32' title='bbox 1266 365 1385 406; x_wconf 92' lang='lat' dir='ltr'>rebus</span> <span class='ocrx_word' id='word_1_33' title='bbox 1413 367 1489 405; x_wconf 87' lang='lat' dir='ltr'>ala-</span> 
     </span>
     <span class='ocr_line' id='line_1_5' title="bbox 78 432 699 487; baseline -0.008 -11"><span class='ocrx_word' id='word_1_34' title='bbox 78 447 164 476; x_wconf 59' lang='lat' dir='ltr'>cres</span> <span class='ocrx_word' id='word_1_35' title='bbox 183 442 223 475; x_wconf 91' lang='lat' dir='ltr'>et</span> <span class='ocrx_word' id='word_1_36' title='bbox 242 447 312 487; x_wconf 91' lang='lat' dir='ltr'>per</span> <span class='ocrx_word' id='word_1_37' title='bbox 333 434 484 474; x_wconf 88' lang='lat' dir='ltr'>incerta</span> <span class='ocrx_word' id='word_1_38' title='bbox 502 432 699 473; x_wconf 90' lang='lat' dir='ltr'>tutissimi.</span> 
     </span>
    </p>

    <p class='ocr_par' dir='ltr' id='par_1_3' title="bbox 72 491 1565 1646">
     <span class='ocr_line' id='line_1_6' title="bbox 241 491 1565 550; baseline -0.004 -11"><span class='ocrx_word' id='word_1_39' title='bbox 241 500 322 539; x_wconf 89' lang='lat' dir='ltr'>Sed</span> <span class='ocrx_word' id='word_1_40' title='bbox 354 499 495 550; x_wconf 88' lang='lat' dir='ltr'>vulgus</span> <span class='ocrx_word' id='word_1_41' title='bbox 527 505 567 538; x_wconf 89' lang='lat' dir='ltr'>et</span> <span class='ocrx_word' id='word_1_42' title='bbox 600 496 876 549; x_wconf 85' lang='lat' dir='ltr'>magnitudine</span> <span class='ocrx_word' id='word_1_43' title='bbox 909 496 1033 536; x_wconf 88' lang='lat' dir='ltr'>nimia</span> <span class='ocrx_word' id='word_1_44' title='bbox 1067 495 1346 537; x_wconf 90' lang='lat' dir='ltr'>communium</span> <span class='ocrx_word' id='word_1_45' title='bbox 1381 508 1489 535; x_wconf 88' lang='lat' dir='ltr'>cura·</span> <span class='ocrx_word' id='word_1_46' title='bbox 1509 491 1565 540; x_wconf 90' lang='lat'>89</span> 
     </span>
     <span class='ocr_line' id='line_1_7' title="bbox 77 560 1490 616; baseline -0.004 -11"><span class='ocrx_word' id='word_1_47' title='bbox 77 577 167 605; x_wconf 89' lang='lat' dir='ltr'>rum</span> <span class='ocrx_word' id='word_1_48' title='bbox 205 577 346 616; x_wconf 87' lang='lat' dir='ltr'>expers</span> <span class='ocrx_word' id='word_1_49' title='bbox 383 564 557 616; x_wconf 91' lang='lat' dir='ltr'>populus</span> <span class='ocrx_word' id='word_1_50' title='bbox 596 561 742 602; x_wconf 92' lang='lat' dir='ltr'>sentire</span> <span class='ocrx_word' id='word_1_51' title='bbox 775 561 967 614; x_wconf 89' lang='lat' dir='ltr'>paulatim</span> <span class='ocrx_word' id='word_1_52' title='bbox 1005 560 1100 602; x_wconf 91' lang='lat' dir='ltr'>belli</span> <span class='ocrx_word' id='word_1_53' title='bbox 1139 562 1254 608; x_wconf 88' lang='lat' dir='ltr'>mala,</span> <span class='ocrx_word' id='word_1_54' title='bbox 1298 573 1490 600; x_wconf 89' lang='lat' dir='ltr'>conversa</span> 
     </span>
     <span class='ocr_line' id='line_1_8' title="bbox 76 625 1484 679; baseline -0.004 -9"><span class='ocrx_word' id='word_1_55' title='bbox 76 629 119 670; x_wconf 86' lang='lat' dir='ltr'>iu</span> <span class='ocrx_word' id='word_1_56' title='bbox 147 629 320 670; x_wconf 90' lang='lat' dir='ltr'>militum</span> <span class='ocrx_word' id='word_1_57' title='bbox 348 642 466 669; x_wconf 91' lang='lat' dir='ltr'>usum</span> <span class='ocrx_word' id='word_1_58' title='bbox 491 627 603 669; x_wconf 89' lang='lat' dir='ltr'>omni</span> <span class='ocrx_word' id='word_1_59' title='bbox 629 626 811 679; x_wconf 90' lang='lat' dir='ltr'>pecunia,</span> <span class='ocrx_word' id='word_1_60' title='bbox 840 626 1003 667; x_wconf 89' lang='lat' dir='ltr'>intentis</span> <span class='ocrx_word' id='word_1_61' title='bbox 1030 627 1312 666; x_wconf 84' lang='lat' dir='ltr'>alimentorum</span> <span class='ocrx_word' id='word_1_62' title='bbox 1339 625 1484 677; x_wconf 90' lang='lat' dir='ltr'>pretiis,</span> 
     </span>
     <span class='ocr_line' id='line_1_9' title="bbox 76 691 1488 747; baseline -0.005 -11"><span class='ocrx_word' id='word_1_63' title='bbox 76 707 181 747; x_wconf 89' lang='lat' dir='ltr'>quae</span> <span class='ocrx_word' id='word_1_64' title='bbox 211 701 324 735; x_wconf 90' lang='lat' dir='ltr'>motu</span> <span class='ocrx_word' id='word_1_65' title='bbox 343 692 525 734; x_wconf 89' lang='lat' dir='ltr'>Vindicis</span> <span class='ocrx_word' id='word_1_66' title='bbox 555 694 664 733; x_wconf 90' lang='lat' dir='ltr'>haud</span> <span class='ocrx_word' id='word_1_67' title='bbox 694 692 860 744; x_wconf 88' lang='lat' dir='ltr'>perinde</span> <span class='ocrx_word' id='word_1_68' title='bbox 888 692 1049 744; x_wconf 89' lang='lat' dir='ltr'>plebem</span> <span class='ocrx_word' id='word_1_69' title='bbox 1077 691 1316 738; x_wconf 82' lang='lat' dir='ltr'>attriverant,</span> <span class='ocrx_word' id='word_1_70' title='bbox 1350 703 1488 730; x_wconf 89' lang='lat' dir='ltr'>secura</span> 
     </span>
     <span class='ocr_line' id='line_1_10' title="bbox 76 755 1527 811; baseline -0.003 -11"><span class='ocrx_word' id='word_1_71' title='bbox 76 766 163 800; x_wconf 90' lang='lat' dir='ltr'>tum</span> <span class='ocrx_word' id='word_1_72' title='bbox 191 759 290 800; x_wconf 88' lang='lat' dir='ltr'>urbe</span> <span class='ocrx_word' id='word_1_73' title='bbox 315 766 356 799; x_wconf 87' lang='lat' dir='ltr'>et</span> <span class='ocrx_word' id='word_1_74' title='bbox 378 757 611 811; x_wconf 89' lang='lat' dir='ltr'>provinciali</span> <span class='ocrx_word' id='word_1_75' title='bbox 640 758 757 804; x_wconf 91' lang='lat' dir='ltr'>bello,</span> <span class='ocrx_word' id='word_1_76' title='bbox 785 758 897 808; x_wconf 92' lang='lat' dir='ltr'>quod</span> <span class='ocrx_word' id='word_1_77' title='bbox 926 757 1028 797; x_wconf 89' lang='lat' dir='ltr'>inter</span> <span class='ocrx_word' id='word_1_78' title='bbox 1055 758 1232 807; x_wconf 87' lang='lat' dir='ltr'>legiones</span> <span class='ocrx_word' id='word_1_79' title='bbox 1257 755 1487 807; x_wconf 88' lang='lat' dir='ltr'>Galliasque</span> <span class='ocrx_word' id='word_1_80' title='bbox 1509 766 1527 799; x_wconf 89' lang='lat'>5</span> 
     </span>
     <span class='ocr_line' id='line_1_11' title="bbox 76 821 1486 873; baseline -0.004 -7"><span class='ocrx_word' id='word_1_81' title='bbox 76 826 184 866; x_wconf 92' lang='lat' dir='ltr'>velut</span> <span class='ocrx_word' id='word_1_82' title='bbox 214 831 420 865; x_wconf 89' lang='lat' dir='ltr'>externum</span> <span class='ocrx_word' id='word_1_83' title='bbox 450 824 533 864; x_wconf 89' lang='lat' dir='ltr'>fuit.</span> <span class='ocrx_word' id='word_1_84' title='bbox 603 835 697 862; x_wconf 86' lang='lat' dir='ltr'>nam</span> <span class='ocrx_word' id='word_1_85' title='bbox 732 835 780 862; x_wconf 89' lang='lat' dir='ltr'>ex</span> <span class='ocrx_word' id='word_1_86' title='bbox 809 835 890 873; x_wconf 93' lang='lat' dir='ltr'>quo</span> <span class='ocrx_word' id='word_1_87' title='bbox 919 821 1034 861; x_wconf 89' lang='lat' dir='ltr'>divus</span> <span class='ocrx_word' id='word_1_88' title='bbox 1065 823 1269 872; x_wconf 88' lang='lat' dir='ltr'>Augustus</span> <span class='ocrx_word' id='word_1_89' title='bbox 1298 834 1359 860; x_wconf 92' lang='lat' dir='ltr'>res</span> <span class='ocrx_word' id='word_1_90' title='bbox 1389 821 1486 862; x_wconf 80' lang='lat' dir='ltr'>Cae-</span> 
     </span>
     <span class='ocr_line' id='line_1_12' title="bbox 76 886 1487 941; baseline -0.004 -10"><span class='ocrx_word' id='word_1_91' title='bbox 76 903 208 931; x_wconf 86' lang='lat' dir='ltr'>sarum</span> <span class='ocrx_word' id='word_1_92' title='bbox 231 888 469 941; x_wconf 88' lang='lat' dir='ltr'>composuit,</span> <span class='ocrx_word' id='word_1_93' title='bbox 491 889 630 941; x_wconf 91' lang='lat' dir='ltr'>procul</span> <span class='ocrx_word' id='word_1_94' title='bbox 658 895 698 928; x_wconf 93' lang='lat' dir='ltr'>et</span> <span class='ocrx_word' id='word_1_95' title='bbox 723 887 765 927; x_wconf 91' lang='lat' dir='ltr'>in</span> <span class='ocrx_word' id='word_1_96' title='bbox 793 887 911 927; x_wconf 90' lang='lat' dir='ltr'>unius</span> <span class='ocrx_word' id='word_1_97' title='bbox 938 886 1247 926; x_wconf 90' lang='lat' dir='ltr'>sollicitudinem</span> <span class='ocrx_word' id='word_1_98' title='bbox 1271 893 1340 926; x_wconf 89' lang='lat' dir='ltr'>aut</span> <span class='ocrx_word' id='word_1_99' title='bbox 1362 887 1487 926; x_wconf 91' lang='lat' dir='ltr'>decus</span> 
     </span>
     <span class='ocr_line' id='line_1_13' title="bbox 76 950 1486 1007; baseline -0.004 -12"><span class='ocrx_word' id='word_1_100' title='bbox 76 955 249 1007; x_wconf 88' lang='lat' dir='ltr'>populus</span> <span class='ocrx_word' id='word_1_101' title='bbox 265 956 474 995; x_wconf 91' lang='lat' dir='ltr'>Romanus</span> <span class='ocrx_word' id='word_1_102' title='bbox 494 954 727 1002; x_wconf 82' lang='lat' dir='ltr'>bellaverat3</span> <span class='ocrx_word' id='word_1_103' title='bbox 748 952 823 992; x_wconf 90' lang='lat' dir='ltr'>sub</span> <span class='ocrx_word' id='word_1_104' title='bbox 839 952 1002 993; x_wconf 93' lang='lat' dir='ltr'>Tiberio</span> <span class='ocrx_word' id='word_1_105' title='bbox 1022 960 1061 992; x_wconf 89' lang='lat' dir='ltr'>et</span> <span class='ocrx_word' id='word_1_106' title='bbox 1082 951 1186 993; x_wconf 90' lang='lat' dir='ltr'>Gaio</span> <span class='ocrx_word' id='word_1_107' title='bbox 1206 959 1362 991; x_wconf 88' lang='lat' dir='ltr'>tantum</span> <span class='ocrx_word' id='word_1_108' title='bbox 1377 950 1486 1002; x_wconf 91' lang='lat' dir='ltr'>pacis</span> 
     </span>
     <span class='ocr_line' id='line_1_14' title="bbox 75 1017 1486 1071; baseline -0.004 -11"><span class='ocrx_word' id='word_1_109' title='bbox 75 1021 242 1060; x_wconf 87' lang='lat' dir='ltr'>adversa</span> <span class='ocrx_word' id='word_1_110' title='bbox 259 1021 317 1060; x_wconf 83' lang='lat' dir='ltr'>ad</span> <span class='ocrx_word' id='word_1_111' title='bbox 330 1033 414 1060; x_wconf 90' lang='lat' dir='ltr'>rem</span> <span class='ocrx_word' id='word_1_112' title='bbox 434 1019 637 1071; x_wconf 90' lang='lat' dir='ltr'>publicam</span> <span class='ocrx_word' id='word_1_113' title='bbox 658 1018 908 1070; x_wconf 81' lang='lat' dir='ltr'>pertinuere3</span> <span class='ocrx_word' id='word_1_114' title='bbox 940 1017 1191 1058; x_wconf 90' lang='lat' dir='ltr'>Scriboniani</span> <span class='ocrx_word' id='word_1_115' title='bbox 1212 1024 1350 1056; x_wconf 89' lang='lat' dir='ltr'>contra</span> <span class='ocrx_word' id='word_1_116' title='bbox 1371 1017 1486 1057; x_wconf 88' lang='lat' dir='ltr'>Clau-</span> 
     </span>
     <span class='ocr_line' id='line_1_15' title="bbox 75 1080 1550 1137; baseline -0.005 -11"><span class='ocrx_word' id='word_1_117' title='bbox 75 1085 189 1126; x_wconf 90' lang='lat' dir='ltr'>dium</span> <span class='ocrx_word' id='word_1_118' title='bbox 208 1085 368 1137; x_wconf 87' lang='lat' dir='ltr'>incepta</span> <span class='ocrx_word' id='word_1_119' title='bbox 395 1084 513 1125; x_wconf 91' lang='lat' dir='ltr'>simul</span> <span class='ocrx_word' id='word_1_120' title='bbox 538 1085 676 1124; x_wconf 90' lang='lat' dir='ltr'>audita</span> <span class='ocrx_word' id='word_1_121' title='bbox 701 1091 741 1124; x_wconf 92' lang='lat' dir='ltr'>et</span> <span class='ocrx_word' id='word_1_122' title='bbox 765 1082 936 1123; x_wconf 91' lang='lat' dir='ltr'>coercita</span> <span class='ocrx_word' id='word_1_123' title='bbox 950 1097 961 1132; x_wconf 78' lang='lat'><em>3</em></span> <span class='ocrx_word' id='word_1_124' title='bbox 990 1083 1100 1122; x_wconf 91' lang='lat' dir='ltr'>Nero</span> <span class='ocrx_word' id='word_1_125' title='bbox 1124 1082 1274 1122; x_wconf 91' lang='lat' dir='ltr'>nuntiis</span> <span class='ocrx_word' id='word_1_126' title='bbox 1299 1080 1423 1132; x_wconf 90' lang='lat' dir='ltr'>magis</span> <span class='ocrx_word' id='word_1_127' title='bbox 1447 1088 1487 1120; x_wconf 91' lang='lat' dir='ltr'>et</span> <span class='ocrx_word' id='word_1_128' title='bbox 1510 1094 1550 1118; x_wconf 86' lang='lat'>10</span> 
     </span>
     <span class='ocr_line' id='line_1_16' title="bbox 75 1147 1483 1202; baseline -0.004 -11"><span class='ocrx_word' id='word_1_129' title='bbox 75 1149 301 1191; x_wconf 88' lang='lat' dir='ltr'>rumoribus</span> <span class='ocrx_word' id='word_1_130' title='bbox 329 1163 451 1202; x_wconf 91' lang='lat' dir='ltr'>quam</span> <span class='ocrx_word' id='word_1_131' title='bbox 474 1149 594 1190; x_wconf 88' lang='lat' dir='ltr'>armis</span> <span class='ocrx_word' id='word_1_132' title='bbox 620 1150 835 1200; x_wconf 86' lang='lat' dir='ltr'>depulsus:</span> <span class='ocrx_word' id='word_1_133' title='bbox 865 1155 949 1187; x_wconf 90' lang='lat' dir='ltr'>tum</span> <span class='ocrx_word' id='word_1_134' title='bbox 979 1147 1156 1199; x_wconf 84' lang='lat' dir='ltr'>legiones</span> <span class='ocrx_word' id='word_1_135' title='bbox 1182 1149 1410 1197; x_wconf 86' lang='lat' dir='ltr'>classesque</span> <span class='ocrx_word' id='word_1_136' title='bbox 1433 1153 1483 1195; x_wconf 92' lang='lat' dir='ltr'>et,</span> 
     </span>
     <span class='ocr_line' id='line_1_17' title="bbox 75 1210 1486 1268; baseline -0.004 -12"><span class='ocrx_word' id='word_1_137' title='bbox 75 1216 186 1268; x_wconf 91' lang='lat' dir='ltr'>quod</span> <span class='ocrx_word' id='word_1_138' title='bbox 216 1228 304 1255; x_wconf 88' lang='lat' dir='ltr'>raro</span> <span class='ocrx_word' id='word_1_139' title='bbox 325 1214 433 1264; x_wconf 88' lang='lat' dir='ltr'>alias,</span> <span class='ocrx_word' id='word_1_140' title='bbox 464 1214 736 1267; x_wconf 89' lang='lat' dir='ltr'>praetorianus</span> <span class='ocrx_word' id='word_1_141' title='bbox 765 1213 1022 1263; x_wconf 91' lang='lat' dir='ltr'>urbanusque</span> <span class='ocrx_word' id='word_1_142' title='bbox 1051 1212 1164 1252; x_wconf 92' lang='lat' dir='ltr'>miles</span> <span class='ocrx_word' id='word_1_143' title='bbox 1192 1212 1234 1251; x_wconf 93' lang='lat' dir='ltr'>in</span> <span class='ocrx_word' id='word_1_144' title='bbox 1262 1210 1391 1251; x_wconf 88' lang='lat' dir='ltr'>aciem</span> <span class='ocrx_word' id='word_1_145' title='bbox 1420 1211 1486 1251; x_wconf 91' lang='lat' dir='ltr'>de-</span> 
     </span>
     <span class='ocr_line' id='line_1_18' title="bbox 74 1276 1486 1331; baseline -0.004 -11"><span class='ocrx_word' id='word_1_146' title='bbox 74 1279 197 1329; x_wconf 90' lang='lat' dir='ltr'>ducti,</span> <span class='ocrx_word' id='word_1_147' title='bbox 222 1279 366 1321; x_wconf 87' lang='lat' dir='ltr'>Oriens</span> <span class='ocrx_word' id='word_1_148' title='bbox 393 1279 678 1331; x_wconf 88' lang='lat' dir='ltr'>Occidensque</span> <span class='ocrx_word' id='word_1_149' title='bbox 702 1286 741 1319; x_wconf 90' lang='lat' dir='ltr'>et</span> <span class='ocrx_word' id='word_1_150' title='bbox 766 1277 959 1330; x_wconf 91' lang='lat' dir='ltr'>quicquid</span> <span class='ocrx_word' id='word_1_151' title='bbox 987 1277 1187 1329; x_wconf 86' lang='lat' dir='ltr'>utrimque</span> <span class='ocrx_word' id='word_1_152' title='bbox 1210 1276 1352 1317; x_wconf 89' lang='lat' dir='ltr'>virium</span> <span class='ocrx_word' id='word_1_153' title='bbox 1380 1283 1438 1315; x_wconf 90' lang='lat' dir='ltr'>est</span> <span class='ocrx_word' id='word_1_154' title='bbox 1461 1289 1486 1315; x_wconf 89' lang='lat' dir='ltr'>a</span> 
     </span>
     <span class='ocr_line' id='line_1_19' title="bbox 74 1341 1485 1397; baseline -0.004 -12"><span class='ocrx_word' id='word_1_155' title='bbox 74 1351 200 1397; x_wconf 83' lang='lat' dir='ltr'>tergo,</span> <span class='ocrx_word' id='word_1_156' title='bbox 213 1344 247 1385; x_wconf 88' lang='lat' dir='ltr'>si</span> <span class='ocrx_word' id='word_1_157' title='bbox 261 1344 433 1385; x_wconf 93' lang='lat' dir='ltr'>ducibus</span> <span class='ocrx_word' id='word_1_158' title='bbox 452 1344 540 1385; x_wconf 91' lang='lat' dir='ltr'>aliis</span> <span class='ocrx_word' id='word_1_159' title='bbox 554 1344 747 1385; x_wconf 90' lang='lat' dir='ltr'>bellatum</span> <span class='ocrx_word' id='word_1_160' title='bbox 766 1345 879 1391; x_wconf 87' lang='lat' dir='ltr'>foret,</span> <span class='ocrx_word' id='word_1_161' title='bbox 897 1344 1018 1394; x_wconf 89' lang='lat' dir='ltr'>longo</span> <span class='ocrx_word' id='word_1_162' title='bbox 1038 1343 1146 1383; x_wconf 92' lang='lat' dir='ltr'>bello</span> <span class='ocrx_word' id='word_1_163' title='bbox 1162 1341 1335 1382; x_wconf 87' lang='lat' dir='ltr'>materia.</span> <span class='ocrx_word' id='word_1_164' title='bbox 1376 1342 1485 1380; x_wconf 90' lang='lat' dir='ltr'>fuere</span> 
     </span>
     <span class='ocr_line' id='line_1_20' title="bbox 73 1406 1546 1462; baseline -0.003 -12"><span class='ocrx_word' id='word_1_165' title='bbox 73 1409 143 1462; x_wconf 88' lang='lat' dir='ltr'>qui</span> <span class='ocrx_word' id='word_1_166' title='bbox 158 1409 426 1462; x_wconf 88' lang='lat' dir='ltr'>proficiscenti</span> <span class='ocrx_word' id='word_1_167' title='bbox 445 1410 600 1451; x_wconf 92' lang='lat' dir='ltr'>Othoni</span> <span class='ocrx_word' id='word_1_168' title='bbox 621 1422 751 1449; x_wconf 91' lang='lat' dir='ltr'>moras</span> <span class='ocrx_word' id='word_1_169' title='bbox 772 1408 1087 1460; x_wconf 86' lang='lat' dir='ltr'>religionemque</span> <span class='ocrx_word' id='word_1_170' title='bbox 1107 1409 1290 1448; x_wconf 90' lang='lat' dir='ltr'>nondum</span> <span class='ocrx_word' id='word_1_171' title='bbox 1306 1406 1486 1447; x_wconf 88' lang='lat' dir='ltr'>condito·</span> <span class='ocrx_word' id='word_1_172' title='bbox 1509 1418 1546 1453; x_wconf 87' lang='lat'>15</span> 
     </span>
     <span class='ocr_line' id='line_1_21' title="bbox 73 1472 1484 1527; baseline -0.003 -12"><span class='ocrx_word' id='word_1_173' title='bbox 73 1488 161 1515; x_wconf 89' lang='lat' dir='ltr'>rum</span> <span class='ocrx_word' id='word_1_174' title='bbox 189 1473 380 1515; x_wconf 86' lang='lat' dir='ltr'>ancilium</span> <span class='ocrx_word' id='word_1_175' title='bbox 404 1475 628 1516; x_wconf 88' lang='lat' dir='ltr'>adferrent:</span> <span class='ocrx_word' id='word_1_176' title='bbox 657 1481 890 1527; x_wconf 85' lang='lat' dir='ltr'>aspernatus</span> <span class='ocrx_word' id='word_1_177' title='bbox 910 1481 971 1514; x_wconf 89' lang='lat' dir='ltr'>est</span> <span class='ocrx_word' id='word_1_178' title='bbox 997 1487 1161 1514; x_wconf 90' lang='lat' dir='ltr'>ornnem</span> <span class='ocrx_word' id='word_1_179' title='bbox 1186 1472 1484 1512; x_wconf 87' lang='lat' dir='ltr'>cunctationem</span> 
     </span>
     <span class='ocr_line' id='line_1_22' title="bbox 72 1538 1486 1592; baseline -0.001 -13"><span class='ocrx_word' id='word_1_180' title='bbox 72 1546 117 1580; x_wconf 91' lang='lat' dir='ltr'>ut</span> <span class='ocrx_word' id='word_1_181' title='bbox 136 1539 291 1581; x_wconf 89' lang='lat' dir='ltr'>Neroni</span> <span class='ocrx_word' id='word_1_182' title='bbox 319 1552 483 1592; x_wconf 90' lang='lat' dir='ltr'>quoque</span> <span class='ocrx_word' id='word_1_183' title='bbox 502 1539 735 1589; x_wconf 82' lang='lat' dir='ltr'>exitiosam3</span> <span class='ocrx_word' id='word_1_184' title='bbox 763 1547 803 1580; x_wconf 91' lang='lat' dir='ltr'>et</span> <span class='ocrx_word' id='word_1_185' title='bbox 829 1538 1005 1581; x_wconf 90' lang='lat' dir='ltr'>Caecina</span> <span class='ocrx_word' id='word_1_186' title='bbox 1023 1538 1103 1579; x_wconf 91' lang='lat' dir='ltr'>iam</span> <span class='ocrx_word' id='word_1_187' title='bbox 1132 1539 1256 1591; x_wconf 89' lang='lat' dir='ltr'>Alpes</span> <span class='ocrx_word' id='word_1_188' title='bbox 1276 1545 1486 1589; x_wconf 85' lang='lat' dir='ltr'>transgres-</span> 
     </span>
     <span class='ocr_line' id='line_1_23' title="bbox 73 1604 429 1646; baseline 0 -1"><span class='ocrx_word' id='word_1_189' title='bbox 73 1617 140 1645; x_wconf 93' lang='lat' dir='ltr'>sus</span> <span class='ocrx_word' id='word_1_190' title='bbox 159 1604 429 1646; x_wconf 85' lang='lat' dir='ltr'>extimulabat.</span> 
     </span>
    </p>

    <p class='ocr_par' dir='ltr' id='par_1_4' title="bbox 71 1667 1566 1918">
     <span class='ocr_line' id='line_1_24' title="bbox 238 1667 1566 1721; baseline -0.004 -11"><span class='ocrx_word' id='word_1_191' title='bbox 238 1669 372 1711; x_wconf 90' lang='lat' dir='ltr'>Pridie</span> <span class='ocrx_word' id='word_1_192' title='bbox 405 1669 496 1710; x_wconf 88' lang='lat' dir='ltr'>idus</span> <span class='ocrx_word' id='word_1_193' title='bbox 528 1669 695 1710; x_wconf 90' lang='lat' dir='ltr'>Martias</span> <span class='ocrx_word' id='word_1_194' title='bbox 724 1671 1008 1710; x_wconf 88' lang='lat' dir='ltr'>commendata</span> <span class='ocrx_word' id='word_1_195' title='bbox 1041 1669 1219 1721; x_wconf 90' lang='lat' dir='ltr'>patribus</span> <span class='ocrx_word' id='word_1_196' title='bbox 1248 1682 1289 1708; x_wconf 93' lang='lat' dir='ltr'>re</span> <span class='ocrx_word' id='word_1_197' title='bbox 1322 1667 1485 1720; x_wconf 89' lang='lat' dir='ltr'>publica</span> <span class='ocrx_word' id='word_1_198' title='bbox 1505 1674 1566 1712; x_wconf 86' lang='lat'>90</span> 
     </span>
     <span class='ocr_line' id='line_1_25' title="bbox 71 1733 1485 1788; baseline -0.001 -13"><span class='ocrx_word' id='word_1_199' title='bbox 71 1733 258 1788; x_wconf 86' lang='lat' dir='ltr'>reliquias</span> <span class='ocrx_word' id='word_1_200' title='bbox 287 1735 607 1776; x_wconf 89' lang='lat' dir='ltr'>Neronianarum</span> <span class='ocrx_word' id='word_1_201' title='bbox 635 1735 860 1776; x_wconf 90' lang='lat' dir='ltr'>sectionum</span> <span class='ocrx_word' id='word_1_202' title='bbox 885 1737 1068 1775; x_wconf 88' lang='lat' dir='ltr'>nondum</span> <span class='ocrx_word' id='word_1_203' title='bbox 1095 1735 1135 1773; x_wconf 94' lang='lat' dir='ltr'>in</span> <span class='ocrx_word' id='word_1_204' title='bbox 1161 1735 1303 1774; x_wconf 89' lang='lat' dir='ltr'>fiscum</span> <span class='ocrx_word' id='word_1_205' title='bbox 1323 1747 1485 1774; x_wconf 92' lang='lat' dir='ltr'>conver-</span> 
     </span>
     <span class='ocr_line' id='line_1_26' title="bbox 71 1798 1484 1848; baseline -0.001 -8"><span class='ocrx_word' id='word_1_206' title='bbox 71 1813 135 1840; x_wconf 90' lang='lat' dir='ltr'>sas</span> <span class='ocrx_word' id='word_1_207' title='bbox 168 1799 362 1840; x_wconf 90' lang='lat' dir='ltr'>revocatis</span> <span class='ocrx_word' id='word_1_208' title='bbox 399 1800 452 1840; x_wconf 92' lang='lat' dir='ltr'>ab</span> <span class='ocrx_word' id='word_1_209' title='bbox 491 1799 610 1840; x_wconf 89' lang='lat' dir='ltr'>exilio</span> <span class='ocrx_word' id='word_1_210' title='bbox 641 1800 850 1848; x_wconf 90' lang='lat' dir='ltr'>concessit,</span> <span class='ocrx_word' id='word_1_211' title='bbox 887 1799 1146 1840; x_wconf 90' lang='lat' dir='ltr'>iustissimum</span> <span class='ocrx_word' id='word_1_212' title='bbox 1182 1801 1336 1839; x_wconf 91' lang='lat' dir='ltr'>donum</span> <span class='ocrx_word' id='word_1_213' title='bbox 1370 1807 1410 1839; x_wconf 90' lang='lat' dir='ltr'>et</span> <span class='ocrx_word' id='word_1_214' title='bbox 1443 1798 1484 1838; x_wconf 93' lang='lat' dir='ltr'>in</span> 
     </span>
     <span class='ocr_line' id='line_1_27' title="bbox 71 1864 1483 1918; baseline -0.001 -13"><span class='ocrx_word' id='word_1_215' title='bbox 71 1866 246 1916; x_wconf 88' lang='lat' dir='ltr'>speciem</span> <span class='ocrx_word' id='word_1_216' title='bbox 276 1865 546 1918; x_wconf 86' lang='lat' dir='ltr'>magnificum,</span> <span class='ocrx_word' id='word_1_217' title='bbox 575 1867 647 1906; x_wconf 91' lang='lat' dir='ltr'>sed</span> <span class='ocrx_word' id='word_1_218' title='bbox 674 1865 860 1906; x_wconf 89' lang='lat' dir='ltr'>festinata</span> <span class='ocrx_word' id='word_1_219' title='bbox 887 1865 966 1904; x_wconf 89' lang='lat' dir='ltr'>iam</span> <span class='ocrx_word' id='word_1_220' title='bbox 994 1866 1148 1917; x_wconf 91' lang='lat' dir='ltr'>pridem</span> <span class='ocrx_word' id='word_1_221' title='bbox 1178 1864 1385 1904; x_wconf 88' lang='lat' dir='ltr'>exactione</span> <span class='ocrx_word' id='word_1_222' title='bbox 1409 1877 1483 1903; x_wconf 91' lang='lat' dir='ltr'>usu</span> 
     </span>
    </p>
   </div>
   <div class='ocr_carea' id='block_1_3' title="bbox 70 1966 1485 2404">
    <p class='ocr_par' dir='ltr' id='par_1_5' title="bbox 71 1966 1485 2044">
     <span class='ocr_line' id='line_1_28' title="bbox 71 1966 1485 2044; baseline -0.001 -43"><span class='ocrx_word' id='word_1_223' title='bbox 71 1977 112 2044; x_wconf 52' lang='lat'>113</span> <span class='ocrx_word' id='word_1_224' title='bbox 137 1967 253 2044; x_wconf 43' lang='lat' dir='ltr'>turgt-is</span> <span class='ocrx_word' id='word_1_225' title='bbox 275 1968 397 2001; x_wconf 84' lang='lat' dir='ltr'>afflicta</span> <span class='ocrx_word' id='word_1_226' title='bbox 421 1968 507 2001; x_wconf 83' lang='lat' dir='ltr'>fides</span> <span class='ocrx_word' id='word_1_227' title='bbox 524 1969 566 2000; x_wconf 81' lang='lat' dir='ltr'>ab</span> <span class='ocrx_word' id='word_1_228' title='bbox 654 1968 748 2000; x_wconf 88' lang='lat' dir='ltr'>anxii</span> <span class='ocrx_word' id='word_1_229' title='bbox 765 1968 881 2000; x_wconf 83' lang='lat' dir='ltr'>Nolte:</span> <span class='ocrx_word' id='word_1_230' title='bbox 906 1978 945 2000; x_wconf 85' lang='lat' dir='ltr'>ac</span> <span class='ocrx_word' id='word_1_231' title='bbox 969 1968 998 2000; x_wconf 89' lang='lat' dir='ltr'>si</span> <span class='ocrx_word' id='word_1_232' title='bbox 1022 1968 1086 1999; x_wconf 82' lang='lat' dir='ltr'>ab:</span> <span class='ocrx_word' id='word_1_233' title='bbox 1113 1978 1151 2000; x_wconf 87' lang='lat' dir='ltr'>ac</span> <span class='ocrx_word' id='word_1_234' title='bbox 1178 1967 1221 2000; x_wconf 83' lang='lat' dir='ltr'>al.</span> <span class='ocrx_word' id='word_1_235' title='bbox 1240 1979 1247 1999; x_wconf 91' lang='lat'><strong>:</strong></span> <span class='ocrx_word' id='word_1_236' title='bbox 1277 1966 1328 1999; x_wconf 90' lang='lat' dir='ltr'>usi</span> <span class='ocrx_word' id='word_1_237' title='bbox 1345 1966 1485 1999; x_wconf 79' lang='lat' dir='ltr'>Met&#39;ser:</span> 
     </span>
    </p>

    <p class='ocr_par' dir='ltr' id='par_1_6' title="bbox 70 2014 1485 2359">
     <span class='ocr_line' id='line_1_29' title="bbox 106 2014 1484 2098; baseline -0.001 -10"><span class='ocrx_word' id='word_1_238' title='bbox 106 2021 181 2097; x_wconf 54' lang='grc' dir='ltr'><strong>Ρδεὸ.</strong></span> <span class='ocrx_word' id='word_1_239' title='bbox 210 2014 367 2097; x_wconf 55' lang='lat' dir='ltr'>immagn.</span> <span class='ocrx_word' id='word_1_240' title='bbox 405 2056 541 2098; x_wconf 85' lang='lat' dir='ltr'>imperii</span> <span class='ocrx_word' id='word_1_241' title='bbox 575 2056 682 2087; x_wconf 88' lang='lat' dir='ltr'>nimia</span> <span class='ocrx_word' id='word_1_242' title='bbox 715 2055 870 2088; x_wconf 85' lang='lat' dir='ltr'>Heraeus</span> <span class='ocrx_word' id='word_1_243' title='bbox 1069 2066 1090 2087; x_wconf 85' lang='lat'><em>2</em></span> <span class='ocrx_word' id='word_1_244' title='bbox 1115 2065 1240 2096; x_wconf 88' lang='lat' dir='ltr'>expers</span> <span class='ocrx_word' id='word_1_245' title='bbox 1278 2054 1484 2096; x_wconf 89' lang='lat' dir='ltr'>reipublicae</span> 
     </span>
     <span class='ocr_line' id='line_1_30' title="bbox 70 2098 1484 2140; baseline -0.001 -9"><span class='ocrx_word' id='word_1_246' title='bbox 70 2099 220 2140; x_wconf 87' lang='lat' dir='ltr'>populus</span> <span class='ocrx_word' id='word_1_247' title='bbox 234 2099 412 2132; x_wconf 81' lang='lat' dir='ltr'>Andresen</span> <span class='ocrx_word' id='word_1_248' title='bbox 516 2109 537 2140; x_wconf 88' lang='grc'>3</span> <span class='ocrx_word' id='word_1_249' title='bbox 561 2110 645 2131; x_wconf 89' lang='lat' dir='ltr'>usus</span> <span class='ocrx_word' id='word_1_250' title='bbox 664 2099 724 2131; x_wconf 83' lang='lat' dir='ltr'>det.</span> <span class='ocrx_word' id='word_1_251' title='bbox 840 2111 860 2140; x_wconf 90' lang='lat'><strong>4</strong></span> <span class='ocrx_word' id='word_1_252' title='bbox 885 2098 1032 2140; x_wconf 87' lang='lat' dir='ltr'>proinde</span> <span class='ocrx_word' id='word_1_253' title='bbox 1048 2098 1105 2131; x_wconf 72' lang='grc' dir='ltr'>αἱ)2</span> <span class='ocrx_word' id='word_1_254' title='bbox 1120 2111 1127 2132; x_wconf 91' lang='lat'>:</span> <span class='ocrx_word' id='word_1_255' title='bbox 1154 2099 1296 2140; x_wconf 89' lang='lat' dir='ltr'>provide</span> <span class='ocrx_word' id='word_1_256' title='bbox 1299 2099 1451 2139; x_wconf 85' lang='lat' dir='ltr'>sortasse</span> <span class='ocrx_word' id='word_1_257' title='bbox 1464 2098 1484 2129; x_wconf 85' lang='lat' dir='ltr'><em>b</em></span> 
     </span>
     <span class='ocr_line' id='line_1_31' title="bbox 70 2141 1484 2185; baseline -0.002 -9"><span class='ocrx_word' id='word_1_258' title='bbox 70 2151 92 2183; x_wconf 89' lang='lat'>5</span> <span class='ocrx_word' id='word_1_259' title='bbox 107 2141 159 2185; x_wconf 86' lang='lat' dir='ltr'>et]</span> <span class='ocrx_word' id='word_1_260' title='bbox 169 2142 244 2175; x_wconf 82' lang='lat' dir='ltr'>aal.</span> <span class='ocrx_word' id='word_1_261' title='bbox 327 2153 346 2183; x_wconf 83' lang='lat'><strong>7</strong></span> <span class='ocrx_word' id='word_1_262' title='bbox 365 2143 399 2175; x_wconf 89' lang='lat' dir='ltr'>in</span> <span class='ocrx_word' id='word_1_263' title='bbox 416 2154 483 2175; x_wconf 91' lang='lat' dir='ltr'>om.</span> <span class='ocrx_word' id='word_1_264' title='bbox 503 2144 554 2184; x_wconf 89' lang='lat' dir='ltr'>ab,</span> <span class='ocrx_word' id='word_1_265' title='bbox 568 2142 647 2175; x_wconf 84' lang='lat' dir='ltr'>add.</span> <span class='ocrx_word' id='word_1_266' title='bbox 662 2143 692 2173; x_wconf 84' lang='lat' dir='ltr'>b¹</span> <span class='ocrx_word' id='word_1_267' title='bbox 782 2154 804 2182; x_wconf 93' lang='lat'><strong>9</strong></span> <span class='ocrx_word' id='word_1_268' title='bbox 820 2144 861 2174; x_wconf 90' lang='lat' dir='ltr'>ad</span> <span class='ocrx_word' id='word_1_269' title='bbox 877 2153 947 2174; x_wconf 91' lang='lat' dir='ltr'>rem</span> <span class='ocrx_word' id='word_1_270' title='bbox 959 2143 1130 2183; x_wconf 88' lang='lat' dir='ltr'>publicam</span> <span class='ocrx_word' id='word_1_271' title='bbox 1144 2143 1341 2184; x_wconf 86' lang='lat' dir='ltr'>pertinuere</span> <span class='ocrx_word' id='word_1_272' title='bbox 1353 2142 1463 2174; x_wconf 86' lang='lat' dir='ltr'>Halm</span> <span class='ocrx_word' id='word_1_273' title='bbox 1476 2153 1484 2174; x_wconf 90' lang='lat'><strong>:</strong></span> 
     </span>
     <span class='ocr_line' id='line_1_32' title="bbox 70 2186 1483 2263; baseline -0.001 -44"><span class='ocrx_word' id='word_1_274' title='bbox 70 2186 371 2263; x_wconf 50' lang='lat' dir='ltr'>ng&#39;rJPeninuefe</span> <span class='ocrx_word' id='word_1_275' title='bbox 387 2187 430 2219; x_wconf 89' lang='lat' dir='ltr'>ab</span> <span class='ocrx_word' id='word_1_276' title='bbox 446 2198 453 2219; x_wconf 92' lang='lat'>:</span> <span class='ocrx_word' id='word_1_277' title='bbox 483 2187 532 2237; x_wconf 73' lang='lat' dir='ltr'>rei</span> <span class='ocrx_word' id='word_1_278' title='bbox 549 2197 581 2228; x_wconf 93' lang='lat' dir='ltr'>p.</span> <span class='ocrx_word' id='word_1_279' title='bbox 603 2187 811 2249; x_wconf 56' lang='lat' dir='ltr'>pertimuere</span> <span class='ocrx_word' id='word_1_280' title='bbox 827 2187 875 2218; x_wconf 85' lang='lat' dir='ltr'>al.</span> <span class='ocrx_word' id='word_1_281' title='bbox 893 2198 900 2218; x_wconf 94' lang='lat'>:</span> <span class='ocrx_word' id='word_1_282' title='bbox 936 2187 970 2218; x_wconf 88' lang='lat' dir='ltr'>in</span> <span class='ocrx_word' id='word_1_283' title='bbox 995 2197 1079 2237; x_wconf 42' lang='lat' dir='ltr'>rem·</span> <span class='ocrx_word' id='word_1_284' title='bbox 1091 2187 1261 2251; x_wconf 53' lang='lat' dir='ltr'>publicatrzi</span> <span class='ocrx_word' id='word_1_285' title='bbox 1286 2187 1483 2237; x_wconf 77' lang='lat' dir='ltr'>pertinuere</span> 
     </span>
     <span class='ocr_line' id='line_1_33' title="bbox 73 2229 1485 2317; baseline 0 -12"><span class='ocrx_word' id='word_1_286' title='bbox 73 2274 114 2305; x_wconf 88' lang='lat'>16</span> <span class='ocrx_word' id='word_1_287' title='bbox 136 2231 677 2316; x_wconf 45' lang='lat' dir='ltr'>arigisiuzigffnanrildilignfimszgulturpnl</span> <span class='ocrx_word' id='word_1_288' title='bbox 695 2229 876 2307; x_wconf 43' lang='lat' dir='ltr'>egfstaz-{na</span> <span class='ocrx_word' id='word_1_289' title='bbox 903 2229 1485 2317; x_wconf 45' lang='grc' dir='ltr'>εαεκειῐῖαιἱῖῗρὲἳοζεᾷνέιηᾷξιῗείαιζ</span> 
     </span>
     <span class='ocr_line' id='line_1_34' title="bbox 70 2318 864 2359; baseline 0 -10"><span class='ocrx_word' id='word_1_290' title='bbox 70 2318 246 2350; x_wconf 81' lang='lat' dir='ltr'>notavitb²</span> <span class='ocrx_word' id='word_1_291' title='bbox 383 2328 422 2358; x_wconf 93' lang='lat'>17</span> <span class='ocrx_word' id='word_1_292' title='bbox 447 2323 730 2359; x_wconf 83' lang='lat' dir='ltr'>transgressurus</span> <span class='ocrx_word' id='word_1_293' title='bbox 751 2318 864 2359; x_wconf 87' lang='lat' dir='ltr'>Unger</span> 
     </span>
    </p>

    <p class='ocr_par' dir='ltr' id='par_1_7' title="bbox 115 2361 976 2404">
     <span class='ocr_line' id='line_1_35' title="bbox 115 2361 976 2404; baseline -0.003 -9"><span class='ocrx_word' id='word_1_294' title='bbox 115 2367 185 2402; x_wconf 83' lang='grc'>90.</span> <span class='ocrx_word' id='word_1_295' title='bbox 208 2373 229 2403; x_wconf 83' lang='grc'><strong>4</strong></span> <span class='ocrx_word' id='word_1_296' title='bbox 254 2362 469 2403; x_wconf 85' lang='lat' dir='ltr'>iampridem</span> <span class='ocrx_word' id='word_1_297' title='bbox 486 2373 556 2395; x_wconf 90' lang='lat' dir='ltr'>om.</span> <span class='ocrx_word' id='word_1_298' title='bbox 575 2363 640 2395; x_wconf 78' lang='lat' dir='ltr'>aL:</span> <span class='ocrx_word' id='word_1_299' title='bbox 667 2362 777 2403; x_wconf 89' lang='lat' dir='ltr'>pridie</span> <span class='ocrx_word' id='word_1_300' title='bbox 794 2362 824 2404; x_wconf 88' lang='lat' dir='ltr'>b,</span> <span class='ocrx_word' id='word_1_301' title='bbox 841 2372 922 2395; x_wconf 89' lang='lat' dir='ltr'>corr.</span> <span class='ocrx_word' id='word_1_302' title='bbox 943 2361 976 2392; x_wconf 75' lang='lat'>1³2</span> 
     </span>
    </p>
   </div>
  </div>
 </body>
</html>
