1748 2826
186 132 251 170 111
270 138 315 179 31
712 133 988 173 CORNELII
1018 133 1212 174 TACITI

268 242 387 281 etiam
421 242 624 293 perfidiam
654 242 918 282 obiectabant.
977 242 1128 283 obstitit
1158 243 1358 283 Antonius
1385 242 1661 295 datisquede·

266 306 488 346 fensoribus
507 309 560 348 ad
578 307 867 359 Vespasianum
887 308 1047 348 dimisit.

197 375 249 414 32
429 372 546 411 Plebs
580 372 735 412 interim
766 372 1096 413 Cremonensium
1129 372 1230 413 inter
1262 378 1433 413 armatos
1460 370 1661 412 conflicta-

267 435 408 486 batur3
447 450 522 476 nec
548 439 686 488 procul
715 439 837 477 caede
862 438 1037 487 aberant,
1063 437 1362 490 cumfprecibus
1385 438 1534 478 ducum
1560 435 1660 476 miti-

264 507 378 551 gatus
406 507 465 540 est
494 500 615 541 miles.
674 509 714 541 et
736 509 897 542 vocatos
922 503 974 542 ad
999 502 1228 543 contionem
1255 501 1456 543 Antonius
1483 500 1660 554 adloqui·

266 572 339 614 tur,
378 565 584 616 magnifice
630 566 807 614 victores,
848 566 972 606 victos
1019 569 1244 616 clementer,
1281 569 1334 607 de
1381 567 1582 607 Cremona
1617 565 1660 607 in

228 645 246 677 5
265 638 460 671 neutrum.
516 632 706 672 exercitus
736 640 888 684 praeter
915 632 1073 672 insitam
1102 631 1319 684 praedandi
1345 630 1577 683 cupidinem
1595 644 1660 671 ve-

264 703 346 736 tere
371 696 466 736 odio
491 698 543 736 ad
571 697 769 737 excidium
795 697 1126 738 Cremonensium
1154 696 1345 737 incubuit.
1406 695 1549 736 iuvisse
1576 706 1659 748 par-

264 762 313 800 tis
341 761 572 801 Vitellianas
602 762 774 803 Othonis
804 776 965 814 quoque
994 763 1100 803 bello
1129 762 1416 811 credebantur;
1457 775 1551 801 mox
1587 767 1660 801 ter-

263 825 548 866 tiadecimanos
574 828 626 867 ad
650 829 911 868 extruendum
940 827 1273 880 amphitheatrum
1304 826 1471 875 relictos,
1496 833 1541 866 ut
1566 832 1658 866 sunt

263 890 444 941 procacia
477 892 651 932 urbanae
682 892 808 943 plebis
838 892 1007 944 ingenia,
1042 892 1310 944 petulantibus
1348 890 1481 943 iurgiis
1515 889 1659 932 inluse-

204 970 244 993 10
263 963 362 996 rant.
417 956 524 996 auxit
551 956 739 997 invidiam
769 957 921 997 editum
946 957 1026 998 illic
1044 972 1069 998 a
1089 957 1263 999 Caecina
1284 957 1546 1008 gladiatorum
1573 968 1659 1007 spe-

262 1022 462 1061 ctaculum
499 1023 720 1073 eademque
756 1035 887 1062 rursus
930 1023 1023 1063 belli
1059 1023 1174 1063 sedes
1212 1029 1252 1062 et
1287 1020 1454 1074 praebiti
1489 1019 1532 1060 in
1571 1019 1657 1060 acie

262 1086 483 1127 Vitellianis
520 1087 610 1136 cibi,
643 1096 781 1128 caesae
814 1089 1010 1139 quaedam
1043 1087 1215 1128 feminae
1245 1086 1377 1127 studio
1406 1085 1658 1138 p'artium'ad

261 1152 455 1203 proelium
480 1167 707 1205 progressae
720 1168 732 1203 3
764 1161 920 1205 tempus
949 1167 1109 1205 quoque
1135 1159 1330 1192 mercatus
1357 1151 1482 1191 ditem
1508 1149 1657 1202 alioqui

257 1217 460 1257 coloniam
480 1218 627 1259 maiore
646 1232 769 1270 opum
787 1220 920 1270 specie
939 1218 1177 1269 complebat.
1232 1216 1351 1257 ceteri
1377 1217 1499 1256 duces
1521 1214 1564 1255 in
1588 1215 1657 1255 ob-

204 1297 242 1331 15
261 1295 402 1323 scuro:
430 1283 652 1323 Antonium
672 1285 828 1323 fortuna
847 1285 1031 1335 famaque
1054 1283 1234 1324 omnium
1260 1281 1385 1323 oculis
1410 1288 1654 1333 exposuerat.

261 1347 292 1387 is
324 1348 498 1388 balineas
527 1349 729 1389 abluendo
762 1348 889 1389 cruori
919 1363 1084 1401 propere
1114 1348 1222 1400 petit.
1280 1354 1444 1400 excepta
1475 1360 1552 1388 vox
1583 1353 1654 1394 est,

259 1427 351 1454 cum
378 1421 555 1466 teporem
581 1414 786 1463 incusaret,
809 1414 940 1454 statim
967 1417 1142 1455 futurum
1170 1422 1214 1454 ut
1242 1414 1548 1454 incalescerent:
1575 1425 1656 1452 ver·

259 1480 339 1518 nile
367 1480 518 1519 dictum
545 1493 706 1520 omnem
733 1479 921 1520 invidiam
948 1479 988 1519 in
1015 1493 1107 1520 eum
1126 1479 1250 1528 vertit,
1273 1486 1475 1530 tamquam
1497 1477 1654 1529 signum

259 1542 535 1583 incendendae
555 1546 777 1585 Cremonae
796 1545 982 1593 dedisset,
1005 1559 1106 1597 quae
1125 1545 1204 1585 iam
1223 1545 1421 1597 flagrabat.

188 1618 241 1656 33
422 1609 694 1660 Quadraginta
750 1617 993 1650 armatorum
1054 1610 1161 1650 milia
1217 1609 1408 1662 inrupere,
1467 1610 1654 1649 calonum

259 1672 503 1724 lixarumque
521 1674 690 1725 amplior
710 1687 897 1715 numerus
926 1683 965 1715 et
985 1674 1026 1714 in
1050 1675 1257 1716 libidinem
1285 1689 1332 1715 ac
1351 1674 1553 1715 saevitiam
1571 1686 1655 1714 cor-

257 1737 417 1788 ruptior.
475 1752 558 1778 non
588 1739 769 1790 dignitas,
801 1753 882 1779 non
915 1747 1022 1780 aetas
1051 1741 1280 1792 protegebat
1309 1753 1390 1792 quo
1417 1738 1548 1779 minus
1575 1745 1655 1779 stu-

258 1815 328 1853 pra
355 1801 555 1850 caedibus,
587 1804 728 1843 caedes
757 1803 900 1854 stupris
930 1804 1195 1844 miscerentur.
1252 1806 1495 1856 grandaevos
1525 1817 1651 1853 seneS,

220 1883 238 1916 5
258 1874 393 1906 exacta
422 1874 551 1907 aetate
584 1867 762 1916 feminas,
791 1867 878 1907 vilis
905 1869 957 1908 ad
986 1870 1183 1920 praedam,
1215 1869 1256 1908 in
1284 1868 1499 1909 ludibrium
1528 1869 1654 1908 trahe-

256 1932 377 1972 bant:
415 1932 484 1971 ubi
512 1934 647 1973 adulta
670 1933 778 1984 virgo
806 1940 875 1972 aut
900 1933 988 1984 quis
1016 1936 1143 1974 forma
1170 1934 1408 1986 conspicuus
1435 1933 1653 1982 incidisset,

255 1995 294 2035 vi
326 1996 590 2048 manibusque
620 1997 856 2048 rapientium
886 1998 1063 2039 divulsus
1100 1999 1208 2051 ipsos
1245 2006 1445 2051 postremo
1482 1998 1653 2050 direpto-

251 2073 315 2101 res
344 2060 384 2100 in
415 2069 592 2101 mutuam
620 2061 834 2113 perniciem
863 2063 1014 2114 agebat.
1072 2065 1169 2103 dum
1198 2063 1407 2115 pecuniam
1433 2064 1495 2103 vel
1522 2062 1654 2115 gravia

255 2139 351 2166 auro
381 2128 619 2178 templorum
652 2127 760 2167 dona
792 2127 867 2167 sibi
897 2127 1066 2179 quisque
1098 2130 1268 2177 trahunt,
1301 2128 1464 2169 maiore.
1483 2127 1651 2169 aliorum

300 2235 358 2269 32.
383 2239 405 2269 9
427 2229 584 2271 procaeie
601 2229 651 2269 M,
668 2239 748 2261 corr.
770 2229 812 2261 M
816 2229 827 2250 1
864 2272 870 2279 .
974 2240 1014 2261 1o
1036 2231 1345 2273 gladiatorumlrum
1361 2231 1411 2272 M,
1424 2235 1477 2273 pr.
1497 2241 1572 2263 rum
1587 2231 1648 2262 del.

256 2272 336 2323 Ml..
484 2282 523 2311 14
547 2273 709 2322 maiorem
722 2273 782 2305 M:
806 2282 969 2323 malorum
985 2273 1031 2305 al.
1209 2275 1250 2307 16
1277 2274 1416 2325 balneas
1430 2274 1483 2325 llfs,
1498 2284 1577 2306 corr.
1596 2273 1650 2306 M¹

253 2319 354 2401 {iniit
362 2313 701 2400 gzerlzcgqlllllzlpferdey
836 2327 873 2356 17
898 2317 1146 2350 incalescerent
1165 2318 1212 2351 ed.
1230 2318 1419 2361 szrensns:
1447 2317 1650 2351 malesceret
