1748 2826
195 154 253 191 IV
273 155 333 202 69
715 155 993 194 CORNELII
1023 153 1219 195 TACITI

272 265 441 305 Treviris
481 265 807 317 Lingonibusque
842 267 950 317 apud
989 265 1150 316 Gallias,
1188 269 1297 318 quod
1334 267 1515 307 Vindicis
1552 273 1663 323 motu

271 344 363 369 cum
401 331 589 382 Verginio
632 339 828 371 steterant.
898 332 1086 371 deterruit
1123 334 1332 384 plerosque
1373 331 1662 384 provinciarum

269 396 510 437 aemulatio:
549 398 658 448 quod
685 397 791 436 bello
815 399 963 448 caput?
1008 398 1117 437 unde
1142 397 1202 437 ius
1230 398 1531 450 auspiciumque
1558 404 1663 450 pete-

211 478 251 501 10
269 462 406 501 retur?
461 474 592 513 quam,
626 462 657 501 si
688 469 831 501 cuncta
863 461 1147 514 provenissent,
1186 464 1322 503 sedem
1360 462 1526 514 imperio
1563 464 1663 514 lege-

268 528 385 566 rent?
453 529 633 566 nondum
671 527 844 575 victoria,
883 527 963 566 iam
1000 527 1198 567 discordia
1234 535 1328 576 erat,
1366 528 1451 567 aliis
1489 529 1660 576 foedera,

268 591 509 642 quibusdam
542 605 638 643 opes
672 592 842 643 virisque
873 599 942 631 aut
974 600 1209 632 vetustatem
1242 593 1402 645 originis
1434 607 1503 645 per
1540 592 1663 645 iurgia

267 656 527 697 iactantibus:
568 656 701 696 taedio
733 658 953 697 futurorum
984 658 1206 709 praesentia
1238 660 1431 710 placuere.
1489 658 1663 699 scribun-

266 727 329 760 tur
365 722 419 760 ad
454 721 638 760 Treviros
668 721 861 772 epistulae
897 721 1061 762 nomine
1091 722 1307 763 Galliarum
1340 730 1384 762 ut
1419 723 1662 763 abstinerent

207 803 246 835 15
264 784 396 834 armis,
428 785 665 837 impetrabili
697 786 813 827 venia
850 794 890 827 et
921 786 1066 839 paratis
1098 788 1430 839 deprecatoribus,
1466 788 1499 828 si
1530 788 1663 840 paeni-

265 857 389 891 teret:
435 850 575 891 restitit
616 850 725 891 idem
766 854 1002 892 Valentinus
1043 853 1316 904 obstruxitque
1358 852 1524 892 civitatis
1565 866 1661 894 suae

266 914 381 964 auris,
410 916 518 956 haud
539 916 705 969 perinde
731 917 964 957 instruendo
991 917 1099 958 bello
1127 917 1301 958 intentus
1327 931 1448 970 quam
1476 919 1660 970 frequens

265 980 531 1021 contionibus.

193 1062 246 1102 70
428 1046 551 1098 Igitur
589 1061 670 1086 non
705 1047 855 1087 Treviri
893 1061 1024 1098 neque
1062 1047 1262 1098 Lingones
1300 1054 1501 1088 ceteraeve
1538 1047 1659 1088 rebel-

264 1110 360 1150 lium
400 1111 577 1151 civitates
615 1126 687 1163 pro
725 1112 998 1163 magnitudine
1035 1112 1206 1163 suscepti
1246 1112 1483 1153 discriminis
1519 1126 1660 1164 agere;

263 1190 315 1216 ne
343 1177 466 1216 duces
489 1177 651 1228 quidem
681 1178 723 1217 in
751 1191 875 1217 unum
905 1179 1120 1226 consulere,
1143 1178 1214 1217 sed
1243 1177 1381 1218 Civilis
1408 1177 1495 1218 avia
1522 1179 1659 1230 Belga-

262 1255 350 1280 rum
379 1242 622 1291 circumibat,
654 1244 751 1282 dum
780 1243 994 1283 Claudium
1021 1243 1253 1282 Labeonem
1275 1255 1417 1294 capere
1441 1249 1511 1283 aut
1532 1250 1658 1284 extur-

223 1325 241 1358 5
261 1307 356 1347 bare
385 1306 520 1347 nititur
534 1322 544 1356 3
579 1308 778 1348 Classicus
807 1321 928 1358 segne
952 1309 1186 1358 plerumque
1214 1307 1341 1347 otium
1366 1309 1525 1347 trahens
1550 1309 1657 1348 velut

259 1378 373 1423 parto
396 1372 562 1423 imperio
585 1372 785 1412 fruebatur
798 1386 809 1421 3
838 1386 889 1412 ne
914 1374 1041 1412 Tutor
1063 1372 1225 1423 quidem
1255 1372 1463 1412 maturavit
1485 1372 1658 1425 superio-

259 1449 343 1475 rem
381 1436 618 1476 Germaniae
649 1436 773 1487 ripam
808 1443 847 1476 et
875 1437 999 1476 ardua
1029 1436 1191 1487 Alpium
1225 1436 1429 1488 praesidiis
1457 1432 1652 1478 claudere.

258 1507 380 1552 atque
408 1501 565 1541 interim
594 1501 930 1541 unaetvicensima
957 1501 1060 1552 legio
1088 1501 1342 1550 Vindonissa,
1370 1502 1552 1542 Sextilius
1586 1505 1656 1544 Fe-

259 1565 312 1606 lix
335 1579 427 1606 cum
454 1567 662 1606 auxiliariis
690 1568 920 1607 cohortibus
946 1580 1016 1618 per
1043 1566 1226 1608 Raetiam
1252 1567 1456 1619 inrupere3
1489 1569 1655 1609 accessit

199 1647 239 1669 10
258 1633 320 1671 ala
340 1631 602 1683 Singularium
637 1631 764 1672 excita
784 1631 879 1672 olim
898 1646 922 1672 a
941 1631 1115 1680 Vitellio,
1135 1632 1283 1672 deinde
1309 1633 1350 1671 in
1369 1633 1489 1684 partis
1507 1634 1654 1684 Vespa-

259 1696 357 1736 siani
392 1705 641 1749 transgressa.
699 1704 877 1749 praeerat
909 1697 1032 1737 Iulius
1071 1696 1318 1749 Briganticus
1352 1711 1484 1738 sorore
1517 1698 1653 1739 Civilis

258 1762 424 1813 genitus,
465 1770 509 1802 ut
547 1765 671 1803 ferme
707 1762 897 1802 acerrima
935 1763 1202 1814 proximorum
1240 1763 1333 1803 odia
1370 1770 1475 1813 sunt,
1505 1763 1652 1805 invisus

257 1828 454 1867 avunculo
501 1826 768 1879 infensusque.
841 1830 968 1867 Tutor
1013 1828 1263 1868 Trevirorum
1310 1828 1456 1879 copias,
1503 1829 1651 1870 recenti

259 1892 525 1943 Vangionum,
557 1893 844 1942 Caeracatium‚
884 1893 1146 1933 Tribocorum
1184 1893 1332 1933 dilectu
1364 1901 1512 1944 auctas,
1547 1902 1652 1936 vete-

199 1974 239 2007 15
258 1970 355 1996 rano
378 1957 512 2008 pedite
531 1965 651 2009 atque
681 1958 814 2010 equite
834 1959 1011 2007 firmavit,
1034 1958 1226 2010 corruptis
1250 1970 1323 2010 spe
1341 1966 1410 1998 aut
1430 1965 1538 1999 metu
1561 1960 1651 2000 sub-

257 2022 355 2062 actis
385 2022 606 2073 legionariis
620 2038 631 2072 3
665 2023 733 2074 qui
762 2023 889 2075 primo
920 2025 1124 2063 cohortem
1153 2022 1408 2075 praemissam
1435 2037 1460 2064 a
1489 2024 1650 2065 Sextilio

256 2087 388 2127 Felice
430 2087 681 2137 interficiunt,
722 2102 814 2128 mox
857 2089 925 2128 ubi
968 2091 1089 2129 duces
1127 2088 1399 2140 exercitusque
1441 2091 1648 2130 Romanus

253 2154 585 2204 propinquabant,
628 2156 797 2194 honesto
835 2156 1049 2206 transfugio
1087 2154 1247 2203 rediere,
1285 2154 1428 2194 secutis
1466 2155 1646 2195 Tribocis

253 2218 609 2270 Vangionibusque
643 2227 681 2260 et
714 2220 1003 2261 Caeracatibus.
1063 2222 1190 2261 Tutor
1227 2220 1400 2260 Treviris
1427 2219 1647 2260 comitanti-

297 2324 363 2366 69.
391 2335 430 2356 12
453 2324 559 2365 iurgia
575 2324 777 2357 Manutiusz
802 2325 891 2357 Iuria
907 2325 949 2356 M
1079 2336 1117 2366 13
1140 2326 1374 2368 sulfuturorum
1391 2326 1434 2358 M

296 2376 356 2411 70.
381 2380 400 2408 4
425 2372 564 2408 caperet
580 2368 628 2410 M,
648 2379 728 2402 corr.
747 2368 803 2400 M1
969 2370 990 2399 8
1014 2380 1116 2401 unam
1133 2374 1167 2401 et
1183 2370 1404 2413 vincensilma
1420 2369 1469 2410 M,
1490 2379 1566 2403 corr.
1585 2368 1643 2400 M1

256 2423 294 2452 13
317 2412 482 2444 avonculo
498 2412 542 2443 M
670 2423 710 2452 14
733 2412 891 2445 dilectum
908 2412 956 2453 M,
976 2423 1054 2445 corr.
1072 2413 1114 2444 M
1117 2412 1129 2433 ¹
1274 2423 1312 2454 15
1337 2413 1478 2455 pedites}
1497 2412 1547 2452 M,
1563 2423 1639 2446 corr.

253 2456 296 2487 M
297 2455 308 2476 ¹
399 2455 520 2498 metus!
539 2456 588 2496 M,
608 2466 688 2489 corr.
707 2455 763 2487 Ml
865 2466 902 2495 17
928 2457 1074 2488 Romani
1091 2457 1278 2489 Rhenanus
1377 2458 1416 2488 18
1438 2458 1524 2488 sicut
1541 2456 1626 2488 IsM
