1748 2826
446 125 853 168 HISTORIARVM
885 125 1058 165 LIBER
1088 125 1147 164 IV
1227 168 1229 170 v
1442 124 1501 163 IV
1519 125 1568 164 16

96 240 202 292 beni,
221 242 294 283 sed
317 239 487 283 Civilem
514 253 601 280 esse
627 238 764 291 patuit,
787 237 1088 290 erumpentibus
1113 237 1304 289 paulatim
1329 236 1498 285 indiciis,

94 320 199 362 quae
226 305 428 355 Germani,
459 307 563 346 laeta
591 305 698 346 bello
723 317 831 356 genS,
860 316 942 344 non
970 302 1039 343 diu
1066 303 1371 342 occultaverant.
1431 300 1501 341 ubi

91 371 266 420 insidiae
305 384 446 424 parum
485 383 649 418 cessere,
691 370 743 410 ad
781 368 861 408 vim
901 376 1165 419 transgressus
1211 366 1498 416 Canninefatis,

94 436 252 486 Frisios,
293 438 468 477 Batavos
498 435 666 489 propriis
700 435 839 474 cuneis
877 432 1108 485 componit:
1151 433 1311 473 derecta
1356 447 1404 473 ex
1442 432 1501 473 di-

94 515 208 543 verso
231 500 339 542 acies
363 502 473 542 haud
501 501 642 553 procul
668 513 693 541 a
721 499 886 540 flumine
917 500 1064 540 Rheno
1089 505 1128 539 et
1157 497 1334 538 obversis
1363 497 1405 538 in
1433 499 1503 538 ho-
1525 511 1565 535 10

93 575 197 609 stem
234 567 415 616 navibus,
446 581 546 619 quas
581 565 753 607 incensis
784 565 956 606 castellis
988 565 1084 606 illuc
1115 565 1364 616 adpulerant.
1428 578 1502 604 nec

93 631 164 675 diu
196 639 348 674 certato
381 634 634 686 Tungrorum
668 633 812 672 cohors
847 630 958 683 signa
996 631 1048 670 ad
1080 629 1251 671 Civilem
1291 629 1500 678 transtulit,

92 698 346 751 perculsique
375 697 519 739 milites
544 697 757 750 improvisa
783 696 1009 749 proditione
1035 709 1060 735 a
1089 694 1207 736 sociis
1237 695 1502 746 hostibusque

93 763 378 805 caedebantur.
425 764 567 804 eadem
587 763 707 804 etiam
728 764 770 803 in
790 762 958 802 navibus
979 761 1168 813 perfidia:
1198 774 1286 813 pars
1308 761 1501 813 remigum

26 858 30 866 2
93 843 117 870 e
154 828 314 870 Batavis
348 837 554 881 tamquam
589 827 784 882 imperitia
819 828 949 867 officia
988 835 1198 867 nautarum
1238 834 1504 879 propugnato·
1526 843 1563 876 ¹5

42 945 46 947 λ
93 907 263 947 rumque
293 893 592 947 impediebant3
628 907 723 934 mox
757 901 894 934 contra
928 894 1091 934 tendere
1121 900 1159 933 et
1189 891 1334 945 puppis
1368 891 1502 932 hostili

93 958 202 1012 ripae
234 959 418 1001 obicere:
458 960 511 1000 ad
549 966 795 1011 postremum
835 959 1119 1011 gubernatores
1154 957 1500 1008 centurionesque,

21 1039 27 1059 τ
93 1023 170 1065 nisi
203 1025 346 1066 eadem
379 1025 560 1073 volentis,
601 1024 811 1073 trucidant,
853 1025 984 1065 donec
1023 1023 1205 1064 universa
1243 1030 1431 1075 quattuor
1465 1030 1503 1062 et

93 1089 231 1143 viginti
257 1089 419 1130 navium
443 1089 579 1130 classis
608 1091 869 1142 transfugeret
895 1097 964 1129 aut
990 1097 1208 1142 caperetur.

258 1155 375 1197 Clara
403 1169 451 1196 ea
484 1154 648 1195 victoria
682 1154 723 1194 in
757 1168 955 1211 praesens,
988 1154 1030 1194 in
1059 1162 1263 1207 posterum
1293 1153 1382 1194 usui
1399 1169 1411 1203 3
1449 1167 1503 1193 ar·
1523 1161 1566 1201 17

94 1233 243 1273 maque
273 1228 312 1261 et
345 1219 468 1270 navis,
503 1219 649 1272 quibus
674 1214 930 1271 indigebant,
959 1221 1095 1272 adepti
1131 1233 1274 1272 magna
1307 1234 1378 1272 per
1410 1221 1504 1260 Ger-

94 1284 248 1326 manias
286 1285 518 1338 Galliasque
564 1286 670 1326 sama
716 1285 908 1326 libertatis
955 1294 1139 1326 auctores
1187 1286 1501 1326 celebrabantur.

94 1351 334 1392 Germaniae
372 1351 505 1392 statim
544 1350 687 1391 misere
725 1352 875 1403 legatos
908 1351 1053 1391 auxilia
1086 1351 1315 1391 offerentis:
1362 1350 1504 1391 Gallia-

93 1431 182 1458 rum
215 1417 448 1458 societatem
487 1415 625 1458 Civilis
655 1424 739 1457 arte
770 1416 968 1468 donisque
998 1417 1239 1464 adfectabat,
1268 1424 1406 1468 captos
1441 1429 1505 1456 co·
1523 1430 1541 1463 5

94 1481 269 1524 hortium
298 1483 525 1536 >praefectos
542 1495 647 1522 rsuas
679 1483 720 1522 in
751 1482 930 1523 civitates
971 1481 1223 1531 remittendo,
1258 1481 1501 1530 cohortibus,

93 1546 204 1590 abire
230 1560 284 1588 an
313 1561 475 1588 manere
503 1548 678 1596 mallent,
706 1549 799 1588 data
826 1555 1035 1600 potestate.
1095 1548 1352 1588 manentibus
1380 1548 1505 1587 hono-

94 1620 178 1654 rata
211 1611 364 1662 militia,
395 1612 713 1665 digredientibus
742 1615 870 1666 spolia
900 1615 1179 1654 Romanorum
1210 1613 1501 1654 offerebantur:

95 1677 215 1720 simul
240 1678 400 1719 secretis
426 1678 678 1719 sermonibus
704 1679 950 1720 admonebat
979 1680 1188 1728 malorum,
1217 1691 1321 1730 quae
1349 1685 1410 1719 tot
1438 1692 1506 1718 an-

94 1742 158 1784 nis
186 1743 362 1796 perpessi
394 1743 579 1784 miseram
611 1744 839 1785 servitutem
871 1745 970 1784 falso
1004 1757 1146 1796 pacem
1175 1750 1374 1784 vocarent.
1431 1745 1505 1783 Ba·
1527 1760 1567 1783 10

96 1816 224 1858 tavos‚
250 1821 498 1860 quamquam
530 1809 770 1850 tributorum
798 1809 979 1861 expertis,
1010 1823 1121 1849 arma
1154 1816 1293 1849 contra
1326 1822 1505 1849 commu-

95 1872 158 1914 nis
177 1874 365 1915 dominos
383 1873 539 1926 cepisse
551 1888 564 1924 3
590 1875 719 1928 prima
738 1874 824 1915 acie
844 1876 977 1915 fusum
998 1874 1229 1926 victumque
1256 1876 1502 1915 Romanum.

44 1947 54 1954 ¹
98 1938 199 1992 quid
225 1938 260 1980 si
290 1938 446 1980 Galliae
471 1938 611 1991 iugum
638 1941 814 1980 exuant?
842 1947 1039 1991 quantum
1066 1939 1108 1979 in
1137 1939 1254 1980 Italia
1276 1939 1505 1991 reliquum?

94 2003 389 2058 provinciarum
423 2004 616 2056 sanguine
650 2004 874 2057 provincias
903 2004 1019 2045 vinci.
1079 2019 1132 2045 ne
1159 2004 1343 2046 Vindicis
1372 2004 1503 2046 aciem

95 2066 338 2122 cogitarent:
387 2070 539 2111 Batavo
586 2070 721 2122 equite
767 2069 954 2122 protritos
993 2071 1159 2111 Aeduos
1198 2073 1567 2123 Arvernosque315

95 2134 218 2175 fuisse
264 2133 366 2176 inter
403 2133 582 2188 Verginii
629 2135 774 2176 auxilia
821 2137 975 2187 Belgas,
1016 2149 1188 2188 vereque
1226 2136 1503 2188 reputantibus

94 2241 120 2276 6
139 2251 219 2274 esse
234 2238 295 2274 det.
313 2252 321 2274 z
350 2241 425 2274 eius
441 2241 490 2282 M,
511 2240 642 2284 repetita
656 2241 784 2274 lectione
798 2251 829 2275 v.
840 2241 1038 2283 precedentis
1209 2252 1249 2274 10
1272 2242 1346 2274 acie
1361 2242 1505 2274 Pichena

94 2285 150 2328 et]
164 2290 220 2318 est
234 2284 378 2327 Madvig
510 2292 547 2316 rr
571 2286 668 2326 quasi
684 2285 728 2318 M
844 2295 883 2326 14
908 2286 943 2317 in
959 2284 1036 2317 add.
1059 2283 1181 2317 W’urm
1270 2286 1448 2326 remigium
1466 2285 1507 2318 M

99 2335 140 2370 15
162 2329 356 2372 naultorum
371 2324 415 2360 M

141 2377 191 2416 17.
216 2382 244 2413 4’
261 2371 423 2406 Germani
447 2371 555 2405 Rn‘tter
688 2381 727 2415 13
751 2378 890 2416 exuant,
915 2374 1080 2415 quantum
1104 2373 1255 2406 distinxit
1273 2372 1449 2405 D6derlein
1502 2413 1505 2415 .

1358 2428 1418 2459 14*
