1748 2826
188 155 231 194 II
251 155 303 194 28
699 153 976 196 CORNELII
1006 152 1201 193 TACITI

248 266 451 319 provincia
483 265 581 305 urbe
618 273 658 306 et
695 267 820 305 salute
857 263 1011 317 imperii
1040 263 1169 317 potior
1202 263 1261 311 sit,
1294 275 1434 303 omnes
1466 260 1560 301 illuc
1592 273 1648 300 se·

191 349 231 371 10
249 339 461 384 querentur
475 346 486 382 3
532 331 592 371 sin
639 330 824 371 victoriae
872 328 1036 384 [sanitas
1083 326 1413 382 sustentaculum]
1462 328 1648 368 columen

250 397 291 436 in
330 397 445 436 Italia
482 404 708 446 verteretur,
739 410 821 437 non
857 397 1154 448 abrumpendos
1191 402 1235 434 ut
1271 392 1426 446 corpori
1463 389 1651 433 validissi-

253 476 338 502 mos
366 469 485 502 artus.

177 535 234 573 29
415 529 531 567 Haec
574 527 755 567 ferociter
800 527 997 575 iactando,
1037 533 1249 578 postquam
1286 523 1473 564 immissis
1510 519 1652 562 lictori-

252 593 328 632 bus
366 594 515 633 Valens
548 607 729 633 coercere
760 594 995 634 seditionem
1029 591 1250 644 coeptabat,
1281 590 1412 643 ipsum
1445 588 1650 637 invadunt,

253 671 345 697 saxa
372 657 531 706 iaciunt,
559 658 775 709 fugientem
807 665 1034 709 sequuntur.
1093 656 1219 708 spolia
1238 655 1454 696 Galliarum
1476 661 1516 694 et
1533 652 1652 693 Vien-

252 723 436 763 nensium
482 737 633 771 aurum,
674 723 797 775 pretia
843 723 1023 763 laborum
1072 735 1244 769 suorum,
1284 721 1483 760 occultare
1521 716 1653 758 clami-

216 801 233 833 5
253 796 391 837 tames,
424 789 586 840 direptis
619 788 780 829 sarcinis
814 789 1067 828 tabernacula
1100 788 1212 827 ducis
1245 786 1452 837 ipsamque
1484 786 1652 824 humum

252 853 341 905 pilis
378 861 417 893 et
449 854 595 894 lanceis
627 854 894 902 rimabantur3
934 866 1026 892 nam
1058 853 1206 892 Valens
1240 850 1369 891 servili
1399 857 1509 890 veste
1544 844 1653 900 apud

253 919 509 958 decurionem
548 918 725 970 equitum
765 918 979 969 tegebatur.
1057 924 1142 957 tum
1178 917 1346 956 Alfenus
1383 917 1511 954 Varus
1548 926 1655 966 prae-

254 984 380 1023 fectus
410 991 638 1032 castrorum,
674 984 914 1034 deflagrante
948 981 1137 1034 paulatim
1175 980 1385 1029 seditione,
1413 979 1527 1020 addit
1563 992 1656 1019 con-

256 1048 397 1096 silium,
447 1048 576 1088 vetitis
623 1047 733 1087 obire
780 1047 929 1099 vigilias
977 1044 1286 1094 centurionibus,
1335 1043 1485 1084 omisso
1535 1043 1655 1084 tubae

198 1129 238 1151 10
256 1127 367 1162 sono,
390 1126 470 1164 quo
497 1113 608 1152 miles
634 1114 685 1152 ad
713 1112 807 1152 belli
833 1111 969 1151 munia
997 1110 1132 1151 cietur.
1189 1108 1305 1160 igitur
1328 1115 1485 1160 torpere
1509 1108 1654 1156 cuncti,

256 1178 583 1229 circumspectare
616 1177 716 1216 inter
749 1190 790 1216 se
823 1176 980 1216 attoniti
1010 1183 1049 1216 et
1082 1175 1123 1216 id
1154 1174 1285 1226 ipsum
1315 1174 1427 1225 quod
1445 1186 1576 1214 nemo
1602 1186 1656 1213 re-

255 1251 362 1296 geret
409 1250 595 1294 paventes
609 1257 620 1291 ;
676 1241 843 1290 silentio,
892 1241 1091 1292 patientia,
1131 1247 1336 1293 postremo
1380 1238 1564 1291 precibus
1609 1250 1657 1277 ac

255 1308 426 1348 lacrimis
463 1307 619 1347 veniam
658 1307 910 1358 quaerebant.
970 1313 1013 1346 ut
1050 1318 1143 1346 vero
1180 1304 1369 1346 deformis
1405 1310 1446 1344 et
1483 1305 1581 1344 flens
1618 1310 1657 1343 et

256 1381 408 1426 praeter
446 1386 557 1424 spem
595 1372 804 1412 incolumis
841 1373 991 1411 Valens
1027 1371 1228 1422 processit,
1265 1370 1457 1421 gaudium
1503 1367 1659 1408 misera-

201 1454 238 1487 15
257 1439 313 1479 tio
341 1440 475 1478 favor:
515 1436 615 1489 versi
645 1436 686 1476 in
715 1436 913 1484 laetitiam,
946 1443 989 1475 ut
1019 1443 1079 1475 est
1109 1436 1248 1486 vulgus
1276 1440 1446 1484 utroque
1477 1432 1658 1473 immodi-

258 1518 361 1552 cum,
392 1504 598 1542 laudantes
637 1509 913 1553 gratantesque
951 1501 1241 1540 circumdatum
1278 1498 1420 1550 aquilis
1458 1497 1658 1550 signisque

259 1568 299 1608 in
325 1568 496 1608 tribunal
525 1568 664 1606 ferunt.
722 1566 787 1605 ille
813 1565 898 1605 utili
922 1564 1195 1606 moderatione
1218 1577 1301 1603 non
1329 1562 1567 1615 supplicium
1595 1575 1659 1602 cu-

259 1633 442 1684 iusquam
481 1631 674 1684 poposcit,
706 1645 754 1671 ac
791 1645 842 1671 ne
880 1631 1133 1671 dissimulans
1167 1628 1386 1680 suspectior
1422 1629 1531 1676 foret,
1566 1641 1659 1679 pau-

261 1712 328 1738 cos
358 1697 560 1746 incusavit,
582 1710 725 1748 gnarus
754 1696 933 1736 civilibus
962 1696 1075 1737 bellis
1104 1697 1192 1747 plus
1222 1693 1414 1735 militibus
1440 1706 1563 1746 quam
1590 1693 1660 1733 du-

203 1780 243 1802 20
261 1763 373 1803 cibus
393 1763 521 1803 licere.

187 1841 242 1880 30
426 1827 702 1868 Munientibus
738 1834 865 1867 castra
901 1828 1007 1879 apud
1050 1826 1237 1866 Ticinum
1274 1826 1327 1865 de
1361 1825 1527 1865 adversa
1563 1824 1660 1865 Cae-

263 1894 375 1934 cinae
413 1906 546 1944 pugna
582 1894 770 1941 adlatum,
811 1900 850 1932 et
892 1906 1016 1944 prope
1054 1898 1240 1932 renovata
1276 1891 1420 1931 seditio
1456 1896 1660 1940 tamquam

263 1959 400 1999 fraude
438 1965 477 1998 et
514 1957 833 1998 cunctationibus
870 1957 1049 1997 Valentis
1082 1956 1233 2009 proelio
1270 1955 1514 1996 defuissent:
1553 1954 1660 1994 nolle

263 2023 452 2075 requiem,
480 2037 562 2062 non
599 2030 804 2074 expectare
842 2024 997 2071 ducem,
1028 2022 1176 2062 anteire
1213 2020 1334 2072 signa,
1374 2033 1510 2071 urgere
1547 2018 1662 2071 signi-

226 2101 243 2134 5
262 2089 364 2128 feros
380 2103 390 2137 ;
427 2088 565 2139 rapido
602 2087 759 2139 agmine
799 2088 996 2129 Caecinae
1024 2088 1248 2139 iunguntur.
1310 2085 1554 2138 improspera
1585 2085 1661 2125 Va-

262 2153 379 2193 lentis
398 2155 501 2192 fama
521 2154 628 2204 apud
655 2152 867 2192 exercitum
895 2153 1092 2194 Caecinae
1121 2159 1225 2192 erat:
1255 2150 1452 2203 expositos
1479 2164 1522 2190 se
1549 2155 1661 2190 tanto

267 2278 307 2300 10
329 2268 456 2299 sanitas
483 2268 746 2300 sustentaculum
771 2270 866 2300 uncis
890 2269 1021 2300 melusit
1042 2267 1230 2309 Nipperdey,
1250 2268 1403 2307 glossam
1426 2266 1521 2309 apud
1540 2265 1658 2298 Lucta-

263 2312 349 2342 trum
365 2311 539 2343 Placidum
558 2312 691 2352 repperit
705 2311 822 2343 Meiser
954 2322 988 2343 11
1016 2312 1069 2353 ut]
1088 2322 1150 2343 suo
1165 2311 1327 2343 Heinszus

308 2362 370 2395 29.
398 2366 418 2394 4
442 2355 550 2394 pretia
568 2354 727 2386 Classen:
751 2359 784 2385 et
801 2355 931 2395 praetia
947 2355 990 2385 M
1071 2355 1231 2386 occultari
1248 2354 1357 2386 Halm
1502 2361 1523 2392 5
1546 2352 1657 2385 taber·

265 2398 419 2473 naculum
438 2397 616 2439 Nipperdey
695 2408 712 2437 7
737 2397 881 2429 alsenius
895 2397 935 2428 M
1008 2408 1030 2438 9
1054 2398 1197 2429 circuire
1215 2396 1255 2428 M
1258 2396 1269 2417 ¹
1287 2398 1322 2429 in
1340 2396 1499 2438 margine,
1510 2396 1658 2436 fortasse

267 2453 315 2473 rec
327 2453 379 2474 tus
