1748 2826
179 146 221 183 11
241 156 291 185 22
680 149 957 190 CORNELII
989 150 1183 191 TACITI

240 271 384 310 gereni,
419 260 578 300 molitur
615 268 774 312 portas:
815 268 952 301 contra
983 263 1218 314 praetoriani
1255 263 1469 315 dispositos
1502 265 1554 304 ad
1591 263 1633 304 id

185 340 223 362 10
241 324 370 376 ipsum
403 325 559 366 molaris
590 326 739 378 ingenti
770 328 946 378 pondere
977 341 1023 367 ac
1054 329 1204 379 fragore
1236 330 1482 380 provolvunt.
1542 341 1632 381 pars

241 390 496 430 subeuntium
521 391 662 438 obruti,
694 404 783 442 pars
809 391 953 431 confixi
981 399 1019 431 et
1046 406 1241 444 exangues
1271 400 1339 432 aut
1369 394 1512 434 laceri:
1541 406 1634 433 cum

239 463 398 506 augeret
432 463 599 507 stragem
638 455 848 507 trepidatio
886 470 1014 508 eoque
1051 457 1178 497 acrius
1208 471 1230 497 e
1260 457 1470 498 moenibus
1503 459 1635 498 vulne-

241 527 426 570 rarentur,
460 521 610 560 rediere
643 520 806 560 infracta
836 521 1006 572 partium
1037 524 1152 562 fama.
1210 530 1248 562 et
1283 522 1456 563 Caecina
1483 523 1636 575 pudore

240 592 406 635 coeptae
444 592 590 625 temere
628 586 945 637 obpugnationis,
986 600 1037 626 ne
1075 586 1216 626 inrisus
1252 600 1299 626 ac
1340 600 1463 627 vanus
1507 586 1635 628 isdem

186 661 222 694 15
241 649 376 689 castris
404 650 616 700 adsideret,
644 650 807 690 traiecto
835 664 966 690 rursus
1000 653 1112 691 Pado
1141 653 1382 692 Cremonam
1415 658 1549 703 petere
1580 650 1638 692 in-

242 714 378 754 tendit.
452 716 647 756 tradidere
675 729 761 756 sese
789 716 952 755 abeunti
981 716 1180 755 Turullius
1213 716 1375 757 Cerialis
1406 729 1498 756 cum
1530 729 1660 757 com-r

241 779 418 830 pluribus
457 781 628 821 classicis
666 789 705 820 et
751 781 874 820 Iulius
923 780 1168 832 Briganticus
1211 795 1302 821 cum
1349 781 1486 833 paucis
1529 779 1636 833 equi-

241 852 341 894 tum,
370 845 435 885 hic
468 848 687 898 praefectus
725 847 810 886 alae
847 846 887 885 in
928 846 1084 886 Batavis
1119 846 1285 897 genitus,
1325 846 1391 886 ille
1427 845 1638 898 primipila-

243 910 293 950 ris
332 918 371 950 et
410 911 606 952 Caecinae
644 912 751 951 haud
789 911 950 959 alienus,
991 912 1102 962 quod
1138 911 1296 951 ordines
1340 910 1382 950 in
1425 909 1638 952 Germania

185 988 226 1010 20
243 976 416 1016 duxerat.

172 1048 223 1086 23
405 1041 602 1092 Spurinna
648 1049 852 1093 comperto
896 1040 1035 1080 itinere
1080 1040 1254 1080 hostium
1301 1042 1506 1082 defensam
1554 1042 1638 1080 Pla-

242 1105 424 1153 centiam,
447 1119 629 1157 quaeque
657 1114 745 1146 acta
770 1114 808 1146 et
834 1105 931 1157 quid
959 1105 1132 1147 Caecina
1158 1112 1322 1157 pararet,
1341 1105 1520 1146 Annium
1549 1106 1638 1146 Gal-

241 1172 324 1210 lum
353 1184 423 1222 per
447 1170 594 1210 litteras
619 1172 749 1211 docet.
809 1171 947 1210 Gallus
968 1170 1165 1221 legionem
1185 1169 1353 1221 primam
1379 1169 1421 1209 in
1449 1169 1638 1210 auxilium

243 1235 467 1276 Placentiae
500 1236 682 1284 ducebat,
723 1235 873 1276 diffisus
910 1235 1097 1286 paucitati
1132 1235 1367 1284 cohortium,
1401 1249 1453 1275 ne
1482 1235 1638 1288 longius

204 1315 221 1348 5
242 1300 442 1340 obsidium
472 1308 510 1340 et
538 1300 618 1339 vim
647 1300 874 1341 Germanici
903 1301 1094 1340 exercitus
1123 1313 1260 1352 parum
1289 1301 1509 1340 tolerarent.
1567 1299 1638 1340 ubi

241 1366 400 1416 pulsum
438 1365 653 1406 Caecinam
695 1379 854 1417 pergere
897 1366 1137 1406 Cremonam
1177 1364 1341 1416 accepit,
1381 1377 1495 1416 aegre
1532 1377 1637 1405 coer-

242 1430 361 1469 citam
399 1430 595 1482 legionem
634 1438 673 1470 et
719 1421 924 1482 pugnandi
961 1431 1101 1470 ardore
1138 1443 1265 1481 usque
1301 1430 1354 1469 ad
1400 1429 1638 1470 seditionem

242 1506 486 1543 progressam
526 1492 707 1532 Bedriaci
751 1492 862 1532 sistit.
939 1492 1040 1532 inter
1076 1494 1278 1532 Veronam
1316 1492 1638 1544 Cremonamque

242 1557 338 1597 situs
372 1565 431 1597 est
463 1557 583 1607 vicus,
620 1558 775 1598 duabus
805 1558 882 1598 iam
918 1557 1112 1598 Romanis
1143 1557 1322 1598 cladibus
1360 1564 1480 1598 notus
1516 1556 1639 1598 infau-

186 1637 224 1659 10
242 1630 416 1674 stusque.

298 1690 433 1729 Isdem
461 1688 602 1729 diebus
628 1702 652 1728 a
682 1688 829 1728 Martio
859 1690 999 1728 Macro
1028 1689 1136 1728 haud
1164 1689 1303 1739 procul
1327 1687 1529 1729 Cremona
1553 1700 1639 1740 pro-

243 1767 355 1806 spere
388 1761 605 1806 pugnatum
621 1769 632 1804 3
674 1767 848 1805 namque
881 1761 1087 1805 promptus
1120 1752 1242 1792 animi
1273 1752 1441 1792 Martius
1469 1759 1638 1793 transve-

243 1827 327 1860 ctos
356 1819 523 1860 navibus
551 1819 787 1872 gladiatores
816 1819 857 1859 in
885 1821 1091 1859 adversam
1119 1818 1218 1858 Padi
1246 1818 1370 1870 ripam
1398 1825 1561 1870 repente
1586 1819 1638 1858 ef-

244 1885 355 1924 fudit.
415 1885 570 1924 turbata
606 1885 661 1925 ibi
700 1885 1003 1925 Vitellianorum
1041 1883 1194 1932 auxilia,
1225 1891 1265 1924 et
1302 1883 1442 1924 ceteris
1475 1884 1638 1925 Cremo-

187 1965 224 1998 15
245 1963 336 1988 nam
367 1950 607 2001 fugientibus
639 1952 741 1991 caesi
776 1951 842 2002 qui
877 1950 1123 1990 restiterant:
1157 1951 1227 1990 sed
1256 1962 1454 2001 repressus
1482 1948 1638 1988 vincen-

244 2014 342 2053 tium
389 2014 559 2065 impetus
604 2030 655 2056 ne
699 2016 811 2056 novis
859 2015 1044 2055 subsidiis
1088 2013 1230 2054 firmati
1268 2015 1402 2054 hostes
1439 2015 1637 2054 fortunam

243 2079 381 2131 proelii
401 2087 607 2120 mutarent.
662 2088 889 2132 suspectum
910 2082 951 2120 id
972 2078 1210 2121 Othonianis
1229 2078 1312 2126 fuit,
1335 2077 1470 2119 omnia
1488 2079 1638 2118 ducum

243 2195 264 2225 9
287 2184 512 2226 praetorianis
528 2184 568 2216 M
699 2196 738 2226 13
761 2186 872 2217 redire
893 2184 933 2216 M
1063 2181 1199 2214 caecina
1222 2180 1308 2212 sama
1327 2180 1457 2220 pudore
1474 2179 1524 2219 M,
1547 2178 1637 2211 fama

243 2227 302 2260 del.
335 2226 391 2259 Ml
527 2237 565 2268 14
589 2233 711 2269 coepta
743 2234 777 2260 et
808 2239 921 2261 emere
949 2227 992 2259 M
1077 2225 1197 2257 inritus
1229 2223 1278 2257 W.
1311 2223 1465 2256 Heraeus
1596 2232 1636 2262 17

244 2271 461 2312 breganticus
477 2271 520 2302 M

288 2322 347 2356 23.
373 2325 394 2354 4
417 2315 577 2355 paucitati
596 2315 674 2347 Ml:
701 2316 872 2356 paucitate
888 2316 931 2347 M
1057 2314 1078 2344 6
1100 2312 1198 2354 pulsu
1215 2309 1258 2342 M
1335 2344 1339 2348 Α
1381 2320 1404 2350 9
1426 2308 1637 2359 insutusque

244 2358 286 2390 M
374 2368 409 2389 11
439 2358 559 2390 Martio
575 2358 707 2390 Dessau
724 2371 731 2391 ε
754 2359 879 2390 marcio
896 2359 937 2390 M
949 2358 1025 2390 item
1042 2355 1186 2388 marcius
1202 2365 1232 2386 v.
1253 2364 1292 2385 12
1383 2363 1423 2384 12
1445 2356 1638 2394 promptius

246 2401 286 2432 M
375 2411 414 2442 15
438 2403 613 2433 resisterat
629 2402 687 2436 M:
713 2403 914 2434 resisterant
931 2401 989 2434 M1
1070 2400 1131 2432 sed
1149 2396 1379 2439 reprehenlsis
1395 2395 1437 2428 M
1511 2406 1549 2437 17
1573 2395 1636 2428 fuit

246 2446 436 2487 suspicatur
449 2445 567 2479 Nova'k
648 2447 769 2478 ducum
786 2443 987 2478 Fret'nshen'm
1003 2457 1010 2477 :
1034 2443 1189 2485 quolcum
1207 2441 1247 2472 M
