1748 2826
169 152 230 191 111
251 153 311 191 66
709 133 986 195 CORNELII
1017 156 1212 197 TACITI

253 278 462 306 censuram
493 265 625 317 patris,
666 273 710 307 ut
746 266 815 307 tris
852 269 1091 316 consulatus,
1125 275 1167 309 ut
1200 275 1260 309 tot
1291 269 1470 321 egregiae
1500 271 1646 311 domus

193 347 234 370 20
253 331 424 370 honores
462 332 630 380 deceret,
667 333 942 383 desperatione
976 334 1114 373 saltem
1151 333 1194 372 in
1226 334 1434 374 audaciam
1471 334 1647 387 accinge-

251 405 366 437 retur.
434 406 608 449 perstare
645 398 822 447 militem,
861 412 1066 450 superesse
1102 400 1233 440 studia
1271 401 1407 452 populi
1421 414 1432 451 ;
1470 400 1648 454 denique

253 461 351 501 nihil
370 463 541 503 atrocius
561 471 793 503 eventurum
813 477 933 515 quam
953 464 993 503 in
1014 466 1124 515 quod
1144 472 1285 516 sponte
1304 473 1430 506 ruant.
1479 465 1648 508 morien-

252 528 350 566 dum
383 527 507 576 victis,
547 528 801 568 moriendum
839 529 1008 569 deditis:
1049 529 1091 569 id
1128 531 1257 569 solum
1294 532 1447 580 referre,
1470 530 1649 571 ,novissi-

252 605 363 630 mum
387 591 567 644 spiritum
592 606 662 644 per
685 592 901 632 ludibrium
918 600 965 645 ¹et
988 594 1249 634 contumelias
1275 596 1482 636 effundant
1504 609 1555 636 an
1578 608 1650 648 per

193 669 232 703 25
253 656 449 697 virtutem.

179 723 235 771 67
415 723 565 762 Surdae
598 723 650 762 ad
686 723 802 762 fortia
840 722 1003 763 consilia
1034 722 1195 763 Vitellio
1232 737 1368 765 aures:
1408 724 1650 766 obruebatur

253 787 409 826 animus
447 787 698 827 miseratione
737 801 921 839 curaque,
958 802 1010 828 ne
1047 787 1314 839 pertinacibus
1356 789 1475 830 armis
1518 789 1650 830 minus

254 852 489 903 placabilem
519 852 708 892 victorem
737 853 975 904 relinqueret
1003 852 1162 905 coniugi
1188 867 1237 894 ac
1269 854 1412 895 liberis.
1485 862 1567 895 erat
1594 854 1649 894 illi

255 924 293 956 et
317 919 420 957 fessa
439 924 568 957 aetate
594 931 735 969 parens
747 932 759 967 3
788 931 889 969 quae
914 925 1048 958 tamen
1072 919 1208 970 paucis
1230 926 1324 959 ante
1346 919 1489 960 diebus
1509 931 1652 971 oppor-

217 998 234 1030 5
255 989 352 1021 tuna
382 989 509 1022 morte
542 982 740 1023 excidium
771 985 915 1023 domus
944 985 1157 1034 praevenit,
1193 983 1291 1023 nihil
1324 984 1547 1036 principatu
1579 984 1651 1024 filii

254 1048 445 1087 adsecuta
467 1047 542 1087 nisi
567 1050 719 1087 luctum
743 1055 782 1088 et
811 1050 959 1088 bonam
983 1049 1141 1088 famam.
1198 1050 1277 1087 XV
1295 1049 1486 1090 kalendas
1511 1051 1652 1090 Ianua-

255 1111 330 1150 rias
363 1112 498 1152 audita
528 1112 753 1153 defectione
786 1112 952 1164 legionis
973 1113 1299 1165 cohortiumque,
1333 1126 1436 1165 quae
1473 1127 1516 1154 se
1554 1115 1652 1155 Nar-
1678 1153 1683 1158 .

256 1177 345 1216 niae
369 1177 614 1225 dediderant,
643 1179 753 1228 pullo
778 1177 925 1217 amictu
953 1177 1105 1217 Palatio
1135 1178 1372 1229 degreditur,
1401 1185 1550 1219 maesta
1583 1179 1653 1218 cir-

257 1255 349 1280 cum
373 1242 519 1281 familia
532 1256 543 1291 3
577 1243 771 1282 ferebatur
797 1242 979 1282 lecticula
1002 1244 1186 1294 parvulus
1214 1244 1317 1283 filius
1342 1245 1449 1284 velut
1477 1245 1519 1283 in
1544 1244 1653 1284 fune-

199 1324 238 1346 ιο
258 1307 368 1346 brem
392 1320 605 1358 pompam:
634 1321 751 1347 voces
778 1309 914 1359 populi
938 1308 1110 1349 blandae
1139 1316 1178 1348 et
1201 1308 1513 1361 intempestivae,
1540 1308 1652 1349 miles

257 1372 402 1412 minaci
422 1372 589 1412 silentio.

182 1440 237 1480 68
422 1439 509 1477 Nec
551 1437 761 1489 quisquam
808 1439 910 1478 adeo
957 1451 1086 1479 rerum
1133 1440 1396 1479 humanarum
1443 1439 1654 1480 immemor

258 1515 377 1553 quem
416 1516 496 1542 non
532 1511 799 1544 commoveret
833 1504 899 1543 illa
931 1504 1061 1553 facies,
1096 1506 1325 1545 Romanum
1363 1504 1583 1556 principem
1613 1512 1654 1545 et

257 1568 427 1620 generis
448 1569 612 1608 humani
644 1571 764 1621 paulo
794 1577 886 1609 ante
923 1570 1132 1610 dominum
1170 1570 1304 1610 relicta
1341 1571 1522 1610 fortunae
1559 1583 1654 1610 suae

256 1635 354 1673 sede
373 1647 442 1685 per
467 1636 670 1687 populum,
692 1649 761 1686 per
781 1635 919 1675 urbem
945 1636 1049 1675 exire
1069 1637 1120 1675 de
1143 1635 1321 1687 imperio.
1379 1635 1478 1675 nihil
1500 1637 1580 1676 tale
1597 1635 1653 1676 vi-

221 1709 239 1742 5
259 1699 409 1746 derant,
449 1698 546 1738 nihil
577 1700 792 1739 audierant.
851 1700 1056 1751 repentina
1085 1700 1143 1740 vis
1175 1700 1407 1740 dictatorem
1443 1700 1654 1741 Caesarem

257 1771 516 1815 oppresserat,
556 1766 735 1804 occultae
774 1764 918 1805 Gaium
958 1765 1136 1814 insidiae,
1177 1779 1256 1805 nox
1294 1772 1333 1805 et
1370 1764 1550 1816 ignotum
1589 1779 1654 1806 rus

259 1831 391 1880 fugam
419 1829 590 1869 Neronis
618 1830 920 1879 absconderant,
947 1830 1040 1870 Piso
1060 1838 1098 1870 et
1118 1830 1248 1870 Galba
1273 1836 1477 1881 tamquam
1503 1829 1544 1870 in
1568 1830 1655 1871 acie

259 1895 462 1934 cecidere:
501 1893 542 1933 in
573 1907 644 1933 sua
677 1895 864 1934 contione
898 1894 1092 1942 Vitellius,
1126 1894 1226 1934 inter
1256 1907 1348 1936 suos
1381 1893 1535 1943 milites,
1568 1907 1654 1947 pro-

262 1959 530 2010 spectantibus
577 1959 695 1999 etiam
743 1959 910 2007 feminis,
951 1973 1076 2011 pauca
1114 1966 1152 1999 et
1195 1958 1389 2010 praesenti
1437 1959 1655 2000 maestitiae

265 2071 305 2100 19
328 2065 364 2091 ut
386 2069 441 2090 res
466 2059 508 2090 M
672 2071 715 2091 20
739 2061 881 2100 degeret
908 2059 950 2090 M
1073 2059 1222 2103 audacia!
1249 2059 1291 2090 M
1309 2059 1469 2101 probante
1496 2059 1571 2092 Van
1597 2060 1655 2093 der

267 2104 349 2135 Vliet
479 2112 519 2133 22
544 2107 619 2135 ruat
634 2103 815 2145 Nipperdey

307 2146 366 2188 67.
396 2157 410 2177 1
436 2147 677 2189 obruebanltur
692 2147 734 2178 M
876 2157 897 2186 3
922 2146 1076 2186 coniugis
1091 2146 1134 2178 M
1306 2157 1326 2186 4
1350 2151 1430 2179 ante
1445 2146 1516 2179 secl.
1533 2146 1655 2179 Maller

263 2200 283 2230 5
307 2191 375 2221 filia
391 2190 434 2220 M
606 2201 624 2230 7
650 2191 801 2230 legiones
818 2191 1008 2222 cohortium
1029 2191 1034 2232 Ι
1054 2199 1208 2230 quaeque
1224 2189 1267 2221 M
1443 2200 1466 2230 9
1489 2189 1589 2223 famia
1602 2190 1654 2232 M,

261 2238 334 2275 post
359 2234 457 2265 famia
480 2234 626 2274 spatium
651 2238 809 2275 quattuor
819 2235 892 2274 fere
913 2234 1098 2266 litterarum
1123 2243 1278 2274 vacuum,
1304 2233 1376 2264 det‘n
1400 2234 1550 2274 sequitur
1569 2244 1655 2266 novo

263 2288 358 2309 versu
378 2278 481 2309 misso
497 2282 548 2309 etc.
568 2288 595 2309 c.
615 2279 668 2318 69,
684 2288 724 2317 23
739 2289 747 2317 3
767 2277 838 2309 vide
852 2277 901 2309 ad
913 2287 941 2310 c.
959 2279 1002 2317 65
1122 2276 1310 2318 ferebatur]
1327 2287 1388 2308 seu
1404 2276 1577 2310 serebatur
1591 2277 1635 2308 M
1645 2288 1653 2309 :

263 2321 362 2353 simul
381 2321 551 2352 serebatur
566 2321 783 2360 Puteolanus,
800 2321 871 2352 vide
886 2320 934 2352 ad
947 2331 973 2354 c.
989 2322 1032 2360 65

308 2364 371 2398 68.
396 2365 418 2395 6
440 2365 572 2396 occulte
588 2364 630 2396 M
759 2375 776 2404 7
802 2369 836 2396 et
854 2364 945 2397 Otho
958 2368 1035 2408 post
1049 2364 1157 2398 Galba
1173 2363 1310 2397 inseruit
1322 2362 1519 2396 Herwerden
1631 2365 1653 2396 8

265 2409 390 2442 milites
408 2407 414 2451 Ι
434 2408 559 2441 milites
575 2408 618 2440 M
