1748 2826
210 138 271 175 [11
290 146 341 184 74
737 136 1013 176 CORNELII
1043 135 1237 175 TAC1T1

230 261 271 284 10
288 248 545 288 frementibus
578 247 646 299 qui
678 247 738 287 ius
769 247 901 287 caedis
932 254 970 287 et
1001 246 1175 298 praemia
1207 253 1372 287 navatae
1404 258 1548 298 operae
1576 253 1682 298 pete-

287 314 394 354 bant.
451 316 623 354 clamore
642 327 666 353 a
685 312 872 365 proximis
892 320 978 353 orto
999 312 1159 353 sordida
1181 326 1270 364 pars
1293 312 1420 363 plebis
1444 309 1680 362 supplicium

286 378 422 418 Sabini
456 379 642 429 exposcit,
676 378 804 417 minas
834 377 1162 427 adulationesque
1199 376 1348 416 miscet.
1406 382 1577 415 stantem
1609 387 1682 426 pro

284 443 471 494 gradibus
509 442 648 483 Palatii
676 442 880 482 Vitellium
919 450 958 481 et
996 454 1132 492 preces
1171 448 1374 492 parantem
1406 439 1605 491 pervicere
1637 445 1681 479 ut

285 507 516 548 absisteret:
555 515 640 547 tum
682 508 909 546 confossum
952 508 1245 556 laceratumque
1282 512 1322 545 et
1358 503 1516 545 absciso
1553 503 1681 569 capite

228 582 266 615 15
285 579 468 612 truncum
498 585 640 623 corpus
670 571 805 611 Sabini
834 570 876 609 in
904 570 1122 610 Gemonias
1150 571 1321 609 trahunt.

216 643 267 684 75
449 637 530 676 Hic
571 636 697 676 exitus
725 635 795 675 viri
838 636 946 675 haud
989 648 1084 674 sane
1124 634 1350 686 spernendi.
1416 633 1596 686 quinque
1641 642 1681 675 et

284 703 442 754 triginta
470 700 667 753 stipendia
693 702 733 740 in
762 714 804 740 re
830 699 990 751 publica
1017 701 1174 748 fecerat,
1200 700 1309 739 domi
1336 698 1580 750 militiaeque
1606 699 1682 738 cla-

284 782 360 807 rus.
419 765 688 806 innocentiam
719 765 988 816 iustitiamque
1019 766 1102 805 eius
1133 778 1215 804 non
1244 777 1451 815 argueres;
1488 762 1680 804 sermonis

285 833 430 873 nimius
464 839 567 872 erat:
606 830 647 870 id
681 844 804 869 unum
837 837 988 881 septem
1016 829 1130 868 annis
1164 828 1310 880 quibus
1343 827 1553 876 Moesiam,
1583 829 1681 868 duo-

246 915 264 947 5
286 897 416 937 decim
454 896 599 947 quibus
637 895 919 946 praefecturam
959 893 1066 933 urbis
1104 893 1286 942 obtinuit,
1321 893 1582 932 calumniatus
1620 898 1680 932 est

284 975 428 1000 rumor.
487 960 528 999 in
551 961 630 999 fine
649 960 751 999 vitae
779 958 844 998 alii
870 971 1042 1010 segnem,
1066 957 1179 997 multi
1203 958 1451 998 moderatum
1475 963 1515 997 et
1533 955 1679 997 civium

284 1025 483 1077 sanguinis
504 1038 666 1076 parcum
686 1023 898 1064 credidere.
957 1023 1066 1074 quod
1083 1022 1182 1062 inter
1197 1021 1326 1062 omnis
1341 1020 1570 1069 constiterit,
1586 1027 1679 1061 ante

284 1090 547 1141 principatum
578 1087 811 1139 Vespasiani
851 1089 973 1128 decus
1012 1089 1156 1127 domus
1194 1100 1316 1139 penes
1354 1085 1547 1126 Sabinum
1584 1092 1676 1126 erat.

283 1156 446 1195 caedem
468 1154 552 1194 eius
572 1155 715 1193 laetam
740 1152 859 1192 fuisse
884 1152 1076 1192 Muciano
1099 1151 1337 1203 accepimus.
1392 1150 1571 1191 ferebant
1595 1151 1678 1202 ple-

226 1238 265 1260 10
283 1219 395 1270 rique
418 1220 537 1259 etiam
561 1218 647 1269 paci
675 1219 902 1257 consultum
927 1216 1122 1269 dirempta
1147 1215 1412 1256 aemulatione
1439 1214 1538 1255 inter
1563 1215 1677 1264 duos,

283 1298 453 1335 quorum
483 1285 581 1323 alter
610 1296 653 1322 se
681 1284 838 1322 fratrem
867 1282 1123 1333 imperatoris,
1148 1283 1245 1321 alter
1271 1287 1496 1320 consortem
1523 1278 1677 1331 imperii

283 1350 481 1401 cogitaret.
538 1349 608 1388 sed
635 1346 817 1387 Vitellius
848 1346 1022 1386 consulis
1053 1345 1291 1398 supplicium
1319 1343 1501 1396 poscenti
1526 1345 1678 1396 populo

282 1414 431 1462 restitit,
463 1415 638 1465 placatus
671 1426 718 1451 ac
749 1413 855 1451 velut
887 1411 1014 1451 vicem
1048 1412 1230 1459 reddens,
1266 1410 1376 1461 quod
1410 1409 1678 1460 interroganti-

282 1480 357 1519 bus
391 1479 487 1530 quis
510 1477 751 1528 Capitolium
785 1476 1036 1525 incendisset,
1071 1489 1114 1516 se
1146 1488 1258 1515 reum
1291 1473 1448 1513 Atticus
1480 1472 1677 1513 obtulerat

226 1561 262 1594 15
282 1558 407 1595 eaque
441 1544 697 1590 confessione,
733 1541 813 1581 sive
846 1549 983 1593 aptum
1014 1540 1183 1592 tempori
1217 1537 1470 1579 mendacium
1503 1537 1586 1587 fuit,
1620 1536 1677 1577 ine

282 1608 427 1648 vidiam
460 1607 688 1658 crimenque
726 1606 932 1658 agnovisse
970 1613 1009 1645 et
1046 1620 1070 1645 a
1106 1603 1282 1657 partibus
1313 1602 1462 1643 Vitellii
1491 1601 1675 1643 amolitus

281 1673 497 1714 videbatur.

211 1739 264 1786 76
445 1739 580 1777 Isdem
628 1736 770 1777 diebus
819 1738 864 1775 L.
904 1736 1087 1775 Vitellius
1135 1734 1271 1786 positis
1315 1734 1424 1785 apud
1466 1731 1674 1773 Feroniam

282 1804 416 1843 castris
439 1803 603 1842 excidio
626 1802 862 1842 Tarracinae
894 1801 1137 1848 imminebat,
1172 1801 1314 1839 clausis
1348 1799 1426 1838 illic
1456 1797 1677 1850 gladiatori-

281 1870 356 1908 bus
388 1868 692 1919 remigibusque,
727 1867 793 1919 qui
827 1881 908 1906 non
942 1865 1074 1917 egredi
1106 1864 1265 1904 moenia
1296 1876 1426 1914 neque
1456 1861 1674 1914 periculum

282 1933 322 1972 in
350 1941 488 1983 aperto
516 1933 731 1972 audebant.
787 1939 973 1982 praeerat,
1003 1939 1046 1969 ut
1071 1943 1188 1980 supra
1217 1929 1532 1975 memoravimus,
1560 1928 1675 1966 Iulia-

246 2014 264 2046 5
283 2012 357 2038 nus
384 1998 676 2049 gladiatoribus,
703 1996 942 2048 Apollinaris
973 1995 1197 2047 remigibus,
1227 1993 1386 2034 lascivia
1415 1992 1676 2043 socordiaque

328 2108 387 2143 74.
416 2112 457 2132 10
478 2102 653 2141 elnovatae
670 2101 727 2132 M:
752 2104 914 2131 enavatae
930 2099 973 2130 al.
1111 2107 1146 2129 11
1172 2108 1192 2129 a
1207 2108 1274 2129 om.
1291 2096 1348 2128 M:
1374 2106 1394 2127 e
1410 2094 1526 2127 Baiter
1636 2104 1674 2133 13

283 2149 459 2185 parantem
477 2143 534 2174 Μ2
550 2155 557 2175 :
582 2149 759 2183 parentem
778 2143 820 2174 M
977 2153 1015 2182 14
1039 2142 1218 2173 confossus
1235 2140 1284 2181 M,
1303 2149 1384 2171 corr.
1402 2138 1459 2169 M1
1540 2137 1674 2169 >lacera-

284 2194 422 2227 tumque
439 2186 618 2228 Nipperdey
635 2198 642 2217 :
666 2187 997 2228 conlacelratumque
1013 2185 1056 2215 M

328 2238 385 2272 75.
413 2242 432 2270 4
457 2229 651 2271 duodecim]
676 2234 809 2269 septem
832 2229 882 2260 vel
903 2229 1042 2260 totidem
1060 2227 1241 2269 Borghesi:
1265 2230 1342 2258 octo
1361 2224 1410 2257 vel
1429 2234 1550 2257 novem
1569 2223 1678 2255 Ritter

288 2285 327 2306 10
351 2275 482 2314 direpta
499 2273 542 2304 M
673 2281 710 2312 15
735 2272 897 2311 temporis
913 2272 956 2302 M

329 2316 388 2358 76.
418 2328 431 2349 1
461 2317 625 2348 Feroniae
643 2315 785 2347 malebat
799 2315 951 2347 Heraeus
1091 2324 1110 2345 2
1134 2313 1334 2355 terraeilnae
1350 2311 1393 2343 M
1535 2320 1555 2351 5
1579 2309 1673 2352 polli-

285 2361 377 2392 naris
392 2360 435 2391 M
