1748 2826
193 169 253 207 IV
277 177 324 215 41
718 169 992 208 CORNELII
1022 170 1218 210 TACITI

278 287 437 320 senatus
458 293 598 320 manus
622 280 816 320 intentare
835 282 1027 330 Voculae,
1048 282 1178 320 donec
1207 282 1314 321 curia
1342 284 1560 323 excederet.
1616 285 1669 323 ad

277 344 463 385 Paccium
485 344 716 384 Africanum
743 347 971 396 transgressi
997 359 1090 385 eum
1116 359 1277 397 quoque
1302 347 1546 397 proturbant,
1575 354 1670 388 tam·

275 422 397 462 quam
418 409 570 450 Neroni
596 410 824 450 Scribonios
854 411 989 450 fratres
1017 410 1232 450 concordia
1257 410 1482 463 opibusque
1507 411 1670 464 insignis

216 488 254 522 15
274 477 327 515 ad
365 475 527 516 exitium
567 476 872 516 monstravisset.
932 475 1142 515 Africanus
1180 489 1310 527 neque
1348 476 1460 517 fateri
1497 477 1670 518 audebat

275 554 407 593 neque
432 542 607 582 abnuere
635 549 812 593 poterat:
842 541 883 580 in
903 541 1068 581 Vibium
1098 540 1295 593 Crispum,
1325 541 1436 583 euius
1461 541 1670 595 interroga-

275 607 451 647 tionibus
486 606 731 658 fatigabatur,
764 608 868 646 ultro
901 619 1130 656 conversus,
1162 606 1372 647 miscendo
1401 619 1505 659 quae
1537 609 1672 648 defen-

275 674 373 713 dere
390 671 598 724 nequibat,
620 671 809 711 societate
829 673 970 723 culpae
990 671 1180 711 invidiam
1201 671 1425 712 declinavit.

201 741 254 780 42
439 739 631 788 Magnam
666 750 714 777 eo
746 736 811 777 die
845 736 1000 788 pietatis
1035 736 1366 789 eloquentiaeque
1398 737 1545 777 famam
1577 736 1672 789 Vip-

275 810 414 842 stanus
443 803 620 842 Messala
647 803 815 854 adeptus
847 809 917 850 est,
947 803 1129 842 nondum
1158 801 1354 842 senatoria
1382 808 1523 851 aetate,
1551 795 1671 842 ausus

275 882 347 920 pro
366 869 483 908 fratre
503 867 666 919 Aquilio
688 868 843 918 Regulo
864 867 1077 918 deprecari.
1135 868 1335 918 Regulum
1355 867 1541 908 subversa
1559 866 1672 909 Cras-

277 946 413 972 sorum
442 939 482 972 et
510 933 625 972 Orfiti
654 932 800 972 domus
823 931 864 971 in
895 944 1095 971 summum
1122 931 1259 971 odium
1286 933 1500 973 extulerat:
1529 939 1671 984 sponte

237 1007 255 1040 5
277 996 317 1051 [e
345 995 431 1050 Χὲὃ]
466 995 763 1036 accusationem
797 995 951 1036 subisse
982 996 1134 1036 iuvenis
1167 997 1401 1046 admodum,
1434 1010 1511 1037 nec
1541 997 1672 1049 depel-

275 1062 385 1101 lendi
397 1061 562 1113 periculi
578 1063 649 1101 sed
665 1061 706 1100 in
719 1074 831 1113 spem
851 1061 1052 1113 potentiae
1067 1061 1277 1103 videbatur
1285 1074 1300 1114 3
1316 1067 1361 1102 et
1372 1060 1546 1113 Sulpicia
1558 1063 1672 1102 Prae-

276 1133 424 1166 textata
459 1125 590 1166 Crassi
624 1140 721 1167 uxor
754 1133 1020 1178 quattuorque
1050 1126 1175 1175 liberi,
1210 1125 1244 1167 si
1273 1133 1530 1179 cognosceret
1562 1139 1671 1167 sena-

276 1199 352 1240 tus,
373 1192 521 1231 ultores
540 1192 716 1231 aderant.
774 1191 891 1243 igitur
911 1192 1085 1231 Messala
1110 1205 1192 1231 non
1216 1204 1378 1232 causam
1407 1205 1536 1244 neque
1559 1205 1671 1232 reum

276 1255 388 1304 tueri,
420 1256 492 1296 sed
521 1255 704 1307 periculis
733 1256 859 1296 fratris
888 1263 1014 1296 semet
1042 1269 1250 1308 opponens
1278 1258 1439 1298 flexerat
1460 1257 1669 1309 quosdam.

216 1335 256 1359 10
276 1320 446 1361 occurrit
475 1320 575 1360 truci
604 1321 782 1361 oratione
811 1321 972 1362 Curtius
1002 1322 1233 1370 Montanus,
1264 1335 1314 1361 eo
1341 1334 1466 1373 usque
1498 1318 1672 1373 progres-
1739 1335 1746 1349 ⁴

276 1399 343 1426 sus
369 1393 413 1426 ut
440 1392 532 1437 post
560 1387 726 1426 caedem
755 1387 909 1426 Galbae
937 1387 1072 1426 datam
1102 1385 1344 1426 interfectori
1370 1386 1527 1427 Pisonis
1553 1399 1672 1438 pecu-

277 1451 385 1491 niam
404 1464 427 1491 a
447 1453 605 1502 Regulo
624 1451 926 1502 adpetitumque
953 1465 1087 1491 morsu
1115 1450 1270 1491 Pisonis
1296 1458 1416 1503 caput
1441 1451 1669 1492 obiectaret.

280 1518 379 1557 ‘hoc
399 1518 526 1556 certe'
546 1516 675 1567 inquit
698 1517 829 1556 ‘Nero
855 1529 937 1556 non
964 1515 1103 1567 coegit,
1132 1529 1207 1555 nec
1235 1516 1469 1567 dignitatem
1486 1523 1556 1556 aut
1574 1517 1672 1556 salu-

278 1589 360 1622 tem
387 1581 454 1621 illa
479 1581 641 1621 saevitia
668 1581 880 1621 redemisti.
940 1594 1035 1621 sane
1061 1582 1274 1620 toleremus
1294 1580 1460 1621 istorum
1478 1580 1672 1621 defensio-

218 1658 257 1692 15
278 1660 349 1687 nes
382 1648 451 1698 qui
495 1648 659 1698 perdere
703 1646 800 1686 alios
834 1659 955 1697 quam
993 1645 1200 1698 periclitari
1233 1645 1309 1698 ipsi
1341 1647 1590 1687 maluerunt:
1632 1653 1672 1686 te

279 1724 462 1751 securum
486 1712 695 1762 reliquerat
722 1713 810 1751 exul
835 1718 946 1763 pater
970 1718 1009 1751 et
1036 1711 1162 1751 divisa
1187 1710 1288 1751 inter
1313 1711 1526 1752 creditores
1551 1711 1669 1760 bona,

278 1777 462 1815 nondum
482 1777 678 1816 honorum
704 1789 828 1827 capax
846 1784 964 1824 aetas,
990 1775 1088 1815 nihil
1114 1777 1225 1828 quod
1248 1790 1296 1816 ex
1315 1784 1355 1816 te
1374 1775 1672 1827 concupisceret

281 1842 402 1889 Nero,
433 1841 531 1880 nihil
563 1843 673 1893 quod
704 1841 869 1882 timeret.
928 1841 1094 1882 libidine
1125 1841 1325 1893 sanguinis
1359 1848 1398 1881 et
1429 1841 1538 1881 hiatu
1566 1853 1673 1892 prae-

281 1906 452 1946 miorum
478 1907 657 1958 ignotum
683 1908 815 1947 adhuc
844 1906 1047 1958 ingenium
1076 1914 1116 1947 et
1143 1906 1261 1946 nullis
1288 1905 1586 1946 defensionibus
1611 1919 1673 1945 ex-

221 1983 262 2007 20
282 1978 438 2021 pertum
464 1973 587 2012 caede
612 1972 738 2011 nobili
765 1971 952 2021 imbuisti,
975 1985 1066 2011 cum
1093 1986 1140 2011 ex
1166 1972 1303 2012 funere
1327 1970 1382 2012 rei
1407 1970 1591 2023 publicae
1618 1984 1673 2010 ra·
1731 1967 1735 1971 ²

282 2035 359 2086 ptis
392 2036 666 2076 consularibus
700 2036 847 2088 spoliis,
889 2036 1138 2088 septuagiens
1172 2036 1351 2076 sestertio
1393 2035 1592 2088 saginatus
1633 2042 1672 2076 et

284 2146 324 2167 12
349 2137 534 2169 intentaret
551 2137 600 2177 M,
618 2149 696 2170 corr.
716 2137 774 2169 M1
909 2147 946 2177 15
969 2137 1139 2170 audebant
1155 2136 1196 2168 M

325 2187 387 2221 42.
417 2191 431 2212 1
455 2181 642 2221 Vipstanus
664 2181 825 2223 Ruperti:
855 2181 1011 2222 viptanus
1036 2181 1080 2213 M
1204 2191 1225 2220 3
1249 2185 1434 2214 castrorum
1458 2179 1507 2221 M,
1533 2190 1612 2212 corr.
1638 2181 1672 2212 in

281 2223 436 2264 margine
451 2223 507 2255 M²
674 2234 694 2264 5
719 2236 738 2256 e
754 2226 813 2257 :ts—c
829 2225 897 2257 secl.
918 2225 1061 2265 Colems,
1079 2224 1223 2264 Ernesti,
1246 2223 1297 2256 W.
1314 2223 1489 2256 Heraeus:
1514 2223 1672 2256 Caesaris

281 2266 427 2298 Miller:
456 2277 577 2299 senum
605 2267 833 2299 consularium
860 2267 980 2300 Meiser
1105 2267 1356 2299 accusationem
1381 2266 1467 2299 det-z
1501 2265 1672 2298 accusatio

281 2309 325 2341 M
453 2312 475 2342 6
503 2310 653 2350 Sulpicia
668 2310 894 2342 Puteolanus:
924 2311 1101 2352 suplplicia
1116 2310 1159 2341 M
1287 2320 1305 2349 7
1331 2309 1456 2351 liberis}
1474 2308 1518 2340 M
1634 2318 1673 2348 13

281 2357 340 2385 aut
366 2353 510 2385 salutem
534 2353 687 2395 Lipsius:
715 2359 812 2385 austa
836 2354 940 2386 lutem
964 2355 1006 2386 M
1135 2363 1174 2393 14
1198 2353 1287 2384 illam
1315 2353 1358 2387 M
1441 2351 1672 2384 defensionem

284 2398 334 2440 M,
349 2407 430 2429 corr.
449 2397 491 2428 M
493 2396 506 2417 1
638 2406 677 2428 21
705 2401 951 2438 septuagenses
967 2397 1065 2429 tertio
1081 2396 1124 2428 M
1207 2396 1382 2436 saginatus
1397 2395 1436 2428 b:
1464 2395 1619 2435 signatus
1634 2394 1677 2426 M
