<?xml version="1.0" encoding="UTF-8"?>
<!DOCTYPE html PUBLIC "-//W3C//DTD XHTML 1.0 Transitional//EN"
    "http://www.w3.org/TR/xhtml1/DTD/xhtml1-transitional.dtd">
<html xmlns="http://www.w3.org/1999/xhtml" xml:lang="en" lang="en">
 <head>
  <title>
</title>
<meta http-equiv="Content-Type" content="text/html;charset=utf-8" />
  <meta name='ocr-system' content='tesseract 3.04.00' />
  <meta name='ocr-capabilities' content='ocr_page ocr_carea ocr_par ocr_line ocrx_word'/>
</head>
<body>
  <div class='ocr_page' id='page_1' title='image "./historiarumlibri00taciuoft_0191.png"; bbox 0 0 1748 2826; ppageno 0'>
   <div class='ocr_carea' id='block_1_1' title="bbox 0 63 14 81">
    <p class='ocr_par' dir='ltr' id='par_1_1' title="bbox 0 63 14 81">
     <span class='ocr_line' id='line_1_1' title="bbox 0 63 14 81; baseline 0 -11"><span class='ocrx_word' id='word_1_1' title='bbox 0 63 14 81; x_wconf 40' lang='grc' dir='ltr'><strong>ἲ.</strong></span> 
     </span>
    </p>
   </div>
   <div class='ocr_carea' id='block_1_2' title="bbox 426 127 1554 177">
    <p class='ocr_par' dir='ltr' id='par_1_2' title="bbox 426 127 1554 177">
     <span class='ocr_line' id='line_1_2' title="bbox 426 127 1554 177; baseline -0.001 -9"><span class='ocrx_word' id='word_1_2' title='bbox 426 127 833 169; x_wconf 91' lang='lat' dir='ltr'>HISTORIARVM</span> <span class='ocrx_word' id='word_1_3' title='bbox 864 128 1039 168; x_wconf 92' lang='lat' dir='ltr'><strong>LIBER</strong></span> <span class='ocrx_word' id='word_1_4' title='bbox 1069 128 1130 168; x_wconf 90' lang='lat' dir='ltr'><strong>IV</strong></span> <span class='ocrx_word' id='word_1_5' title='bbox 1424 129 1484 167; x_wconf 90' lang='lat' dir='ltr'><strong>IV</strong></span> <span class='ocrx_word' id='word_1_6' title='bbox 1508 139 1554 177; x_wconf 83' lang='lat'><strong>13</strong></span> 
     </span>
    </p>
   </div>
   <div class='ocr_carea' id='block_1_3' title="bbox 70 234 1586 551">
    <p class='ocr_par' dir='ltr' id='par_1_3' title="bbox 73 234 1586 422">
     <span class='ocr_line' id='line_1_3' title="bbox 73 234 1482 290; baseline -0.002 -8"><span class='ocrx_word' id='word_1_7' title='bbox 73 234 232 282; x_wconf 76' lang='lat' dir='ltr'><strong>sianum</strong></span> <span class='ocrx_word' id='word_1_8' title='bbox 256 239 394 280; x_wconf 84' lang='lat' dir='ltr'><strong>animo</strong></span> <span class='ocrx_word' id='word_1_9' title='bbox 419 247 459 280; x_wconf 90' lang='lat' dir='ltr'><strong>et</strong></span> <span class='ocrx_word' id='word_1_10' title='bbox 485 239 540 279; x_wconf 89' lang='lat' dir='ltr'><strong>rei</strong></span> <span class='ocrx_word' id='word_1_11' title='bbox 569 239 753 290; x_wconf 88' lang='lat' dir='ltr'><strong>publicae</strong></span> <span class='ocrx_word' id='word_1_12' title='bbox 780 253 884 288; x_wconf 67' lang='lat' dir='ltr'><strong>cura,</strong></span> <span class='ocrx_word' id='word_1_13' title='bbox 915 240 980 280; x_wconf 93' lang='lat' dir='ltr'><strong>cui</strong></span> <span class='ocrx_word' id='word_1_14' title='bbox 1004 240 1204 281; x_wconf 87' lang='lat' dir='ltr'>excidium</span> <span class='ocrx_word' id='word_1_15' title='bbox 1228 241 1482 289; x_wconf 84' lang='lat' dir='ltr'><strong>adventabat,</strong></span> 
     </span>
     <span class='ocr_line' id='line_1_4' title="bbox 73 305 1586 357; baseline -0.001 -11"><span class='ocrx_word' id='word_1_16' title='bbox 73 305 107 346; x_wconf 89' lang='lat' dir='ltr'><strong>si</strong></span> <span class='ocrx_word' id='word_1_17' title='bbox 135 305 448 357; x_wconf 81' lang='lat' dir='ltr'><strong>redintegratum</strong></span> <span class='ocrx_word' id='word_1_18' title='bbox 477 305 628 345; x_wconf 91' lang='lat' dir='ltr'><strong>bellum</strong></span> <span class='ocrx_word' id='word_1_19' title='bbox 658 313 697 345; x_wconf 89' lang='lat' dir='ltr'><strong>et</strong></span> <span class='ocrx_word' id='word_1_20' title='bbox 731 312 790 345; x_wconf 91' lang='lat' dir='ltr'><strong>tot</strong></span> <span class='ocrx_word' id='word_1_21' title='bbox 815 313 1058 345; x_wconf 87' lang='lat' dir='ltr'><strong>armatorum</strong></span> <span class='ocrx_word' id='word_1_22' title='bbox 1091 306 1200 346; x_wconf 90' lang='lat' dir='ltr'><strong>milia</strong></span> <span class='ocrx_word' id='word_1_23' title='bbox 1233 306 1390 346; x_wconf 87' lang='lat' dir='ltr'><strong>Italiam</strong></span> <span class='ocrx_word' id='word_1_24' title='bbox 1429 305 1484 345; x_wconf 90' lang='lat' dir='ltr'><strong>in·</strong></span> <span class='ocrx_word' id='word_1_25' title='bbox 1508 317 1549 349; x_wconf 83' lang='lat'><strong>15</strong></span> <span class='ocrx_word' id='word_1_26' title='bbox 1582 327 1586 331; x_wconf 94' lang='lat'>·</span> 
     </span>
     <span class='ocr_line' id='line_1_5' title="bbox 73 371 285 422; baseline 0.005 -12"><span class='ocrx_word' id='word_1_27' title='bbox 73 371 285 422; x_wconf 83' lang='lat' dir='ltr'><strong>rupissent.</strong></span> 
     </span>
    </p>

    <p class='ocr_par' dir='ltr' id='par_1_4' title="bbox 70 435 1553 551">
     <span class='ocr_line' id='line_1_6' title="bbox 237 435 1553 488; baseline 0.002 -12"><span class='ocrx_word' id='word_1_28' title='bbox 237 435 363 488; x_wconf 86' lang='lat' dir='ltr'>Igitur</span> <span class='ocrx_word' id='word_1_29' title='bbox 411 435 549 478; x_wconf 89' lang='lat' dir='ltr'><strong>Civilis</strong></span> <span class='ocrx_word' id='word_1_30' title='bbox 597 435 847 476; x_wconf 89' lang='lat' dir='ltr'><strong>desciscendi</strong></span> <span class='ocrx_word' id='word_1_31' title='bbox 895 444 1036 485; x_wconf 90' lang='lat' dir='ltr'><strong>certus,</strong></span> <span class='ocrx_word' id='word_1_32' title='bbox 1082 438 1284 477; x_wconf 85' lang='lat' dir='ltr'><strong>occultato</strong></span> <span class='ocrx_word' id='word_1_33' title='bbox 1327 436 1485 476; x_wconf 86' lang='lat' dir='ltr'><strong>interim</strong></span> <span class='ocrx_word' id='word_1_34' title='bbox 1506 449 1553 488; x_wconf 89' lang='lat'><strong>14</strong></span> 
     </span>
     <span class='ocr_line' id='line_1_7' title="bbox 70 499 1486 551; baseline 0 -10"><span class='ocrx_word' id='word_1_35' title='bbox 70 499 211 546; x_wconf 74' lang='lat' dir='ltr'><strong>altiore</strong></span> <span class='ocrx_word' id='word_1_36' title='bbox 237 501 419 551; x_wconf 89' lang='lat' dir='ltr'><strong>consilio,</strong></span> <span class='ocrx_word' id='word_1_37' title='bbox 445 509 576 542; x_wconf 87' lang='lat' dir='ltr'><strong>cetera</strong></span> <span class='ocrx_word' id='word_1_38' title='bbox 603 515 650 541; x_wconf 88' lang='lat' dir='ltr'><strong>ex</strong></span> <span class='ocrx_word' id='word_1_39' title='bbox 677 508 822 542; x_wconf 90' lang='lat' dir='ltr'><strong>eventu</strong></span> <span class='ocrx_word' id='word_1_40' title='bbox 852 501 1108 550; x_wconf 88' lang='lat' dir='ltr'><strong>iudicaturus,</strong></span> <span class='ocrx_word' id='word_1_41' title='bbox 1140 516 1287 542; x_wconf 90' lang='lat' dir='ltr'><strong>novare</strong></span> <span class='ocrx_word' id='word_1_42' title='bbox 1316 515 1377 541; x_wconf 89' lang='lat' dir='ltr'><strong>res</strong></span> <span class='ocrx_word' id='word_1_43' title='bbox 1407 503 1486 541; x_wconf 91' lang='lat' dir='ltr'><strong>hoc</strong></span> 
     </span>
    </p>
   </div>
   <div class='ocr_carea' id='block_1_4' title="bbox 0 566 1486 621">
    <p class='ocr_par' dir='ltr' id='par_1_5' title="bbox 0 566 1486 621">
     <span class='ocr_line' id='line_1_8' title="bbox 0 566 1486 621; baseline -0.001 -14"><span class='ocrx_word' id='word_1_44' title='bbox 0 620 5 621; x_wconf 21' lang='lat'><em>⁷</em></span> <span class='ocrx_word' id='word_1_45' title='bbox 73 566 197 607; x_wconf 87' lang='lat' dir='ltr'><strong>modo</strong></span> <span class='ocrx_word' id='word_1_46' title='bbox 217 566 363 619; x_wconf 84' lang='lat' dir='ltr'><strong>coepit.</strong></span> <span class='ocrx_word' id='word_1_47' title='bbox 421 566 530 606; x_wconf 92' lang='lat' dir='ltr'><strong>iussu</strong></span> <span class='ocrx_word' id='word_1_48' title='bbox 550 566 700 606; x_wconf 91' lang='lat' dir='ltr'><strong>Vitellii</strong></span> <span class='ocrx_word' id='word_1_49' title='bbox 729 568 970 606; x_wconf 87' lang='lat' dir='ltr'><strong>Batavorum</strong></span> <span class='ocrx_word' id='word_1_50' title='bbox 1000 567 1184 607; x_wconf 90' lang='lat' dir='ltr'><strong>iuventus</strong></span> <span class='ocrx_word' id='word_1_51' title='bbox 1212 568 1265 607; x_wconf 91' lang='lat' dir='ltr'><strong>ad</strong></span> <span class='ocrx_word' id='word_1_52' title='bbox 1294 568 1486 607; x_wconf 86' lang='lat' dir='ltr'><strong>dilectum</strong></span> 
     </span>
    </p>
   </div>
   <div class='ocr_carea' id='block_1_5' title="bbox 73 631 1486 684">
    <p class='ocr_par' dir='ltr' id='par_1_6' title="bbox 73 631 1486 684">
     <span class='ocr_line' id='line_1_9' title="bbox 73 631 1486 684; baseline -0.001 -12"><span class='ocrx_word' id='word_1_53' title='bbox 73 631 304 680; x_wconf 80' lang='lat' dir='ltr'><strong>vocabatur,</strong></span> <span class='ocrx_word' id='word_1_54' title='bbox 344 645 466 684; x_wconf 92' lang='lat' dir='ltr'><strong>quem</strong></span> <span class='ocrx_word' id='word_1_55' title='bbox 506 639 646 684; x_wconf 89' lang='lat' dir='ltr'><strong>suapte</strong></span> <span class='ocrx_word' id='word_1_56' title='bbox 685 639 826 671; x_wconf 90' lang='lat' dir='ltr'><strong>natura</strong></span> <span class='ocrx_word' id='word_1_57' title='bbox 863 646 1022 683; x_wconf 89' lang='lat' dir='ltr'><strong>gravem</strong></span> <span class='ocrx_word' id='word_1_58' title='bbox 1061 633 1282 672; x_wconf 85' lang='lat' dir='ltr'><strong>onerabant</strong></span> <span class='ocrx_word' id='word_1_59' title='bbox 1318 631 1486 671; x_wconf 89' lang='lat' dir='ltr'><strong>ministri</strong></span> 
     </span>
    </p>
   </div>
   <div class='ocr_carea' id='block_1_6' title="bbox 0 686 1527 750">
    <p class='ocr_par' dir='ltr' id='par_1_7' title="bbox 0 686 1527 750">
     <span class='ocr_line' id='line_1_10' title="bbox 0 686 1527 750; baseline 0 -12"><span class='ocrx_word' id='word_1_60' title='bbox 0 686 5 711; x_wconf 63' lang='lat'>⁵</span> <span class='ocrx_word' id='word_1_61' title='bbox 71 696 235 739; x_wconf 83' lang='lat' dir='ltr'><strong>avaritia</strong></span> <span class='ocrx_word' id='word_1_62' title='bbox 263 711 312 738; x_wconf 87' lang='lat' dir='ltr'><strong>ac</strong></span> <span class='ocrx_word' id='word_1_63' title='bbox 341 699 448 748; x_wconf 90' lang='lat' dir='ltr'><strong>luxu,</strong></span> <span class='ocrx_word' id='word_1_64' title='bbox 477 712 592 738; x_wconf 90' lang='lat' dir='ltr'><strong>senes</strong></span> <span class='ocrx_word' id='word_1_65' title='bbox 623 705 692 738; x_wconf 88' lang='lat' dir='ltr'><strong>aut</strong></span> <span class='ocrx_word' id='word_1_66' title='bbox 721 697 916 738; x_wconf 91' lang='lat' dir='ltr'><strong>invalidos</strong></span> <span class='ocrx_word' id='word_1_67' title='bbox 946 698 1233 749; x_wconf 90' lang='lat' dir='ltr'><strong>conquirendo,</strong></span> <span class='ocrx_word' id='word_1_68' title='bbox 1269 712 1371 749; x_wconf 88' lang='lat' dir='ltr'><strong>quos</strong></span> <span class='ocrx_word' id='word_1_69' title='bbox 1402 712 1487 750; x_wconf 89' lang='lat' dir='ltr'><strong>pre·</strong></span> <span class='ocrx_word' id='word_1_70' title='bbox 1507 710 1527 744; x_wconf 88' lang='lat'><strong>5</strong></span> 
     </span>
    </p>
   </div>
   <div class='ocr_carea' id='block_1_7' title="bbox 71 761 1551 1209">
    <p class='ocr_par' dir='ltr' id='par_1_8' title="bbox 71 761 1551 1209">
     <span class='ocr_line' id='line_1_11' title="bbox 71 761 1487 816; baseline 0.001 -14"><span class='ocrx_word' id='word_1_71' title='bbox 71 761 129 802; x_wconf 92' lang='lat' dir='ltr'><strong>tio</strong></span> <span class='ocrx_word' id='word_1_72' title='bbox 159 762 427 803; x_wconf 84' lang='lat' dir='ltr'><strong>dimitterent:</strong></span> <span class='ocrx_word' id='word_1_73' title='bbox 471 777 603 803; x_wconf 92' lang='lat' dir='ltr'><strong>rursus</strong></span> <span class='ocrx_word' id='word_1_74' title='bbox 634 763 819 815; x_wconf 88' lang='lat' dir='ltr'><strong>impubes</strong></span> <span class='ocrx_word' id='word_1_75' title='bbox 854 771 892 803; x_wconf 87' lang='lat' dir='ltr'><strong>et</strong></span> <span class='ocrx_word' id='word_1_76' title='bbox 926 765 1054 803; x_wconf 89' lang='lat' dir='ltr'><strong>forma</strong></span> <span class='ocrx_word' id='word_1_77' title='bbox 1087 763 1295 815; x_wconf 89' lang='lat' dir='ltr'><strong>conspicui</strong></span> <span class='ocrx_word' id='word_1_78' title='bbox 1330 764 1387 816; x_wconf 90' lang='lat' dir='ltr'><strong>(et</strong></span> <span class='ocrx_word' id='word_1_79' title='bbox 1427 772 1487 804; x_wconf 91' lang='lat' dir='ltr'><strong>est</strong></span> 
     </span>
     <span class='ocr_line' id='line_1_12' title="bbox 71 828 1486 881; baseline 0.001 -13"><span class='ocrx_word' id='word_1_80' title='bbox 71 829 273 880; x_wconf 84' lang='lat' dir='ltr'><strong>plerisque·</strong></span> <span class='ocrx_word' id='word_1_81' title='bbox 298 842 462 880; x_wconf 89' lang='lat' dir='ltr'><strong>procera</strong></span> <span class='ocrx_word' id='word_1_82' title='bbox 490 828 673 881; x_wconf 86' lang='lat' dir='ltr'><strong>pueritia)</strong></span> <span class='ocrx_word' id='word_1_83' title='bbox 700 830 752 869; x_wconf 89' lang='lat' dir='ltr'><strong>ad</strong></span> <span class='ocrx_word' id='word_1_84' title='bbox 779 836 959 880; x_wconf 87' lang='lat' dir='ltr'><strong>stuprum</strong></span> <span class='ocrx_word' id='word_1_85' title='bbox 984 830 1251 870; x_wconf 84' lang='lat' dir='ltr'><strong>trahebantur.</strong></span> <span class='ocrx_word' id='word_1_86' title='bbox 1311 829 1405 870; x_wconf 90' lang='lat' dir='ltr'><strong>hinc</strong></span> <span class='ocrx_word' id='word_1_87' title='bbox 1429 829 1486 869; x_wconf 92' lang='lat' dir='ltr'><strong>in-</strong></span> 
     </span>
     <span class='ocr_line' id='line_1_13' title="bbox 72 893 1483 948; baseline 0.001 -14"><span class='ocrx_word' id='word_1_88' title='bbox 72 893 193 944; x_wconf 76' lang='lat' dir='ltr'><strong>vidia,</strong></span> <span class='ocrx_word' id='word_1_89' title='bbox 210 901 251 934; x_wconf 88' lang='lat' dir='ltr'><strong>et</strong></span> <span class='ocrx_word' id='word_1_90' title='bbox 276 894 522 946; x_wconf 88' lang='lat' dir='ltr'><strong>compositae</strong></span> <span class='ocrx_word' id='word_1_91' title='bbox 549 893 756 934; x_wconf 87' lang='lat' dir='ltr'><strong>seditionis</strong></span> <span class='ocrx_word' id='word_1_92' title='bbox 778 902 960 935; x_wconf 84' lang='lat' dir='ltr'><strong>auctores</strong></span> <span class='ocrx_word' id='word_1_93' title='bbox 987 897 1194 948; x_wconf 88' lang='lat' dir='ltr'><strong>perpulere</strong></span> <span class='ocrx_word' id='word_1_94' title='bbox 1218 904 1261 935; x_wconf 91' lang='lat' dir='ltr'><strong>ut</strong></span> <span class='ocrx_word' id='word_1_95' title='bbox 1290 896 1483 937; x_wconf 89' lang='lat' dir='ltr'><strong>dilectum</strong></span> 
     </span>
     <span class='ocr_line' id='line_1_14' title="bbox 71 959 1486 1013; baseline -0.001 -11"><span class='ocrx_word' id='word_1_96' title='bbox 71 959 306 1002; x_wconf 85' lang='lat' dir='ltr'><strong>abnuerent.</strong></span> <span class='ocrx_word' id='word_1_97' title='bbox 363 959 501 1002; x_wconf 91' lang='lat' dir='ltr'><strong>Civilis</strong></span> <span class='ocrx_word' id='word_1_98' title='bbox 541 961 732 1011; x_wconf 90' lang='lat' dir='ltr'><strong>primores</strong></span> <span class='ocrx_word' id='word_1_99' title='bbox 772 960 900 1012; x_wconf 90' lang='lat' dir='ltr'><strong>gentis</strong></span> <span class='ocrx_word' id='word_1_100' title='bbox 943 968 983 1000; x_wconf 92' lang='lat' dir='ltr'><strong>et</strong></span> <span class='ocrx_word' id='word_1_101' title='bbox 1020 961 1339 1012; x_wconf 86' lang='lat' dir='ltr'><strong>promptissimos</strong></span> <span class='ocrx_word' id='word_1_102' title='bbox 1378 961 1486 1013; x_wconf 87' lang='lat' dir='ltr'><strong>vulgi</strong></span> 
     </span>
     <span class='ocr_line' id='line_1_15' title="bbox 73 1025 1551 1078; baseline -0.001 -12"><span class='ocrx_word' id='word_1_103' title='bbox 73 1025 206 1078; x_wconf 88' lang='lat' dir='ltr'><strong>specie</strong></span> <span class='ocrx_word' id='word_1_104' title='bbox 235 1026 440 1078; x_wconf 87' lang='lat' dir='ltr'><strong>epularum</strong></span> <span class='ocrx_word' id='word_1_105' title='bbox 467 1038 623 1065; x_wconf 87' lang='lat' dir='ltr'><strong>sacrum</strong></span> <span class='ocrx_word' id='word_1_106' title='bbox 649 1025 692 1065; x_wconf 91' lang='lat' dir='ltr'><strong>in</strong></span> <span class='ocrx_word' id='word_1_107' title='bbox 719 1039 862 1066; x_wconf 90' lang='lat' dir='ltr'><strong>nemus</strong></span> <span class='ocrx_word' id='word_1_108' title='bbox 889 1034 1062 1075; x_wconf 83' lang='lat' dir='ltr'><strong>vocatOS,</strong></span> <span class='ocrx_word' id='word_1_109' title='bbox 1092 1026 1162 1067; x_wconf 92' lang='lat' dir='ltr'><strong>ubi</strong></span> <span class='ocrx_word' id='word_1_110' title='bbox 1191 1035 1310 1067; x_wconf 91' lang='lat' dir='ltr'><strong>nocte</strong></span> <span class='ocrx_word' id='word_1_111' title='bbox 1335 1042 1382 1067; x_wconf 91' lang='lat' dir='ltr'><strong>ac</strong></span> <span class='ocrx_word' id='word_1_112' title='bbox 1409 1030 1486 1069; x_wconf 89' lang='lat' dir='ltr'><strong>lae-</strong></span> <span class='ocrx_word' id='word_1_113' title='bbox 1510 1041 1551 1065; x_wconf 87' lang='lat'><strong>10</strong></span> 
     </span>
     <span class='ocr_line' id='line_1_16' title="bbox 72 1089 1486 1143; baseline 0.002 -13"><span class='ocrx_word' id='word_1_114' title='bbox 72 1089 160 1131; x_wconf 84' lang='lat' dir='ltr'><strong>titia</strong></span> <span class='ocrx_word' id='word_1_115' title='bbox 192 1090 403 1132; x_wconf 85' lang='lat' dir='ltr'><strong>incaluisse</strong></span> <span class='ocrx_word' id='word_1_116' title='bbox 433 1090 552 1140; x_wconf 88' lang='lat' dir='ltr'><strong>videt,</strong></span> <span class='ocrx_word' id='word_1_117' title='bbox 583 1104 607 1130; x_wconf 89' lang='lat' dir='ltr'><strong>a</strong></span> <span class='ocrx_word' id='word_1_118' title='bbox 635 1092 755 1131; x_wconf 87' lang='lat' dir='ltr'><strong>laude</strong></span> <span class='ocrx_word' id='word_1_119' title='bbox 786 1091 991 1143; x_wconf 86' lang='lat' dir='ltr'><strong>gloriaque</strong></span> <span class='ocrx_word' id='word_1_120' title='bbox 1024 1091 1152 1143; x_wconf 90' lang='lat' dir='ltr'><strong>gentis</strong></span> <span class='ocrx_word' id='word_1_121' title='bbox 1182 1105 1294 1132; x_wconf 89' lang='lat' dir='ltr'><strong>orsus</strong></span> <span class='ocrx_word' id='word_1_122' title='bbox 1323 1092 1486 1133; x_wconf 89' lang='lat' dir='ltr'><strong>iniurias</strong></span> 
     </span>
     <span class='ocr_line' id='line_1_17' title="bbox 72 1155 1486 1209; baseline 0.001 -12"><span class='ocrx_word' id='word_1_123' title='bbox 72 1164 113 1198; x_wconf 88' lang='lat' dir='ltr'><strong>et</strong></span> <span class='ocrx_word' id='word_1_124' title='bbox 145 1163 280 1208; x_wconf 86' lang='lat' dir='ltr'><strong>raptus</strong></span> <span class='ocrx_word' id='word_1_125' title='bbox 311 1163 351 1197; x_wconf 89' lang='lat' dir='ltr'><strong>et</strong></span> <span class='ocrx_word' id='word_1_126' title='bbox 382 1163 512 1197; x_wconf 88' lang='lat' dir='ltr'><strong>cetera</strong></span> <span class='ocrx_word' id='word_1_127' title='bbox 546 1155 693 1197; x_wconf 87' lang='lat' dir='ltr'><strong>servitii</strong></span> <span class='ocrx_word' id='word_1_128' title='bbox 721 1157 825 1196; x_wconf 86' lang='lat' dir='ltr'><strong>mala</strong></span> <span class='ocrx_word' id='word_1_129' title='bbox 854 1164 1082 1198; x_wconf 87' lang='lat' dir='ltr'><strong>enumerat:</strong></span> <span class='ocrx_word' id='word_1_130' title='bbox 1123 1171 1255 1209; x_wconf 89' lang='lat' dir='ltr'><strong>neque</strong></span> <span class='ocrx_word' id='word_1_131' title='bbox 1287 1158 1395 1198; x_wconf 91' lang='lat' dir='ltr'><strong>enim</strong></span> <span class='ocrx_word' id='word_1_132' title='bbox 1427 1173 1486 1198; x_wconf 90' lang='lat' dir='ltr'><strong>so-</strong></span> 
     </span>
    </p>
   </div>
   <div class='ocr_carea' id='block_1_8' title="bbox 72 1221 1486 1275">
    <p class='ocr_par' dir='ltr' id='par_1_9' title="bbox 0 1219 1486 1284">
     <span class='ocr_line' id='line_1_18' title="bbox 72 1221 1486 1275; baseline 0.001 -12.952"><span class='ocrx_word' id='word_1_133' title='bbox 72 1221 270 1271; x_wconf 85' lang='lat' dir='ltr'><strong>cietatem,</strong></span> <span class='ocrx_word' id='word_1_134' title='bbox 303 1230 348 1262; x_wconf 88' lang='lat' dir='ltr'><strong>ut</strong></span> <span class='ocrx_word' id='word_1_135' title='bbox 385 1221 492 1270; x_wconf 85' lang='lat' dir='ltr'><strong>olim,</strong></span> <span class='ocrx_word' id='word_1_136' title='bbox 529 1223 600 1262; x_wconf 91' lang='lat' dir='ltr'><strong>sed</strong></span> <span class='ocrx_word' id='word_1_137' title='bbox 638 1229 844 1274; x_wconf 88' lang='lat' dir='ltr'><strong>tamquam</strong></span> <span class='ocrx_word' id='word_1_138' title='bbox 883 1221 1082 1274; x_wconf 86' lang='lat' dir='ltr'><strong>mancipia</strong></span> <span class='ocrx_word' id='word_1_139' title='bbox 1119 1223 1279 1263; x_wconf 90' lang='lat' dir='ltr'><strong>haberi:</strong></span> <span class='ocrx_word' id='word_1_140' title='bbox 1320 1225 1486 1275; x_wconf 88' lang='lat' dir='ltr'><strong>quando</strong></span> 
     </span>
    </p>
   </div>
   <div class='ocr_carea' id='block_1_9' title="bbox 73 1285 1548 1405">
    <p class='ocr_par' dir='ltr' id='par_1_10' title="bbox 73 1285 1548 1405">
     <span class='ocr_line' id='line_1_19' title="bbox 73 1285 1485 1347; baseline 0.001 -20"><span class='ocrx_word' id='word_1_141' title='bbox 73 1288 262 1339; x_wconf 72' lang='lat' dir='ltr'><strong>legatum,</strong></span> <span class='ocrx_word' id='word_1_142' title='bbox 279 1285 387 1339; x_wconf 89' lang='lat' dir='ltr'><strong>gravi</strong></span> <span class='ocrx_word' id='word_1_143' title='bbox 414 1286 579 1339; x_wconf 83' lang='lat' dir='ltr'><strong>quidem</strong></span> <span class='ocrx_word' id='word_1_144' title='bbox 609 1286 801 1327; x_wconf 84' lang='lat' dir='ltr'><strong>comitatu</strong></span> <span class='ocrx_word' id='word_1_145' title='bbox 830 1295 870 1328; x_wconf 89' lang='lat' dir='ltr'><strong>et</strong></span> <span class='ocrx_word' id='word_1_146' title='bbox 898 1288 1083 1347; x_wconf 87' lang='lat' dir='ltr'><strong>superbo,</strong></span> <span class='ocrx_word' id='word_1_147' title='bbox 1109 1302 1202 1328; x_wconf 92' lang='lat' dir='ltr'><strong>cum</strong></span> <span class='ocrx_word' id='word_1_148' title='bbox 1231 1288 1399 1340; x_wconf 91' lang='lat' dir='ltr'><strong>imperio</strong></span> <span class='ocrx_word' id='word_1_149' title='bbox 1423 1303 1485 1328; x_wconf 93' lang='lat' dir='ltr'><strong>ve-</strong></span> 
     </span>
     <span class='ocr_line' id='line_1_20' title="bbox 73 1351 1548 1405; baseline 0 -13"><span class='ocrx_word' id='word_1_150' title='bbox 73 1351 189 1395; x_wconf 82' lang='lat' dir='ltr'><strong>nite?</strong></span> <span class='ocrx_word' id='word_1_151' title='bbox 228 1352 331 1393; x_wconf 86' lang='lat' dir='ltr'><strong>tradi</strong></span> <span class='ocrx_word' id='word_1_152' title='bbox 361 1366 404 1393; x_wconf 91' lang='lat' dir='ltr'><strong>se</strong></span> <span class='ocrx_word' id='word_1_153' title='bbox 433 1351 642 1405; x_wconf 88' lang='lat' dir='ltr'><strong>praefectis</strong></span> <span class='ocrx_word' id='word_1_154' title='bbox 675 1352 1081 1405; x_wconf 84' lang='lat' dir='ltr'><strong>centurionibusque:</strong></span> <span class='ocrx_word' id='word_1_155' title='bbox 1115 1367 1217 1405; x_wconf 91' lang='lat' dir='ltr'><strong>quos</strong></span> <span class='ocrx_word' id='word_1_156' title='bbox 1247 1353 1317 1394; x_wconf 92' lang='lat' dir='ltr'><strong>ubi</strong></span> <span class='ocrx_word' id='word_1_157' title='bbox 1346 1354 1483 1405; x_wconf 88' lang='lat' dir='ltr'><strong>spoliis</strong></span> <span class='ocrx_word' id='word_1_158' title='bbox 1510 1370 1548 1402; x_wconf 87' lang='lat'><strong>15</strong></span> 
     </span>
    </p>
   </div>
   <div class='ocr_carea' id='block_1_10' title="bbox 0 1417 1484 1471">
    <p class='ocr_par' dir='ltr' id='par_1_11' title="bbox 0 1417 1484 1471">
     <span class='ocr_line' id='line_1_21' title="bbox 0 1417 1484 1471; baseline 0.001 -12"><span class='ocrx_word' id='word_1_159' title='bbox 0 1439 5 1452; x_wconf 60' lang='grc' dir='ltr'><strong>ι</strong></span> <span class='ocrx_word' id='word_1_160' title='bbox 73 1425 114 1459; x_wconf 83' lang='lat' dir='ltr'><strong>et</strong></span> <span class='ocrx_word' id='word_1_161' title='bbox 152 1417 345 1470; x_wconf 86' lang='lat' dir='ltr'><strong>sanguine</strong></span> <span class='ocrx_word' id='word_1_162' title='bbox 382 1417 635 1471; x_wconf 86' lang='lat' dir='ltr'><strong>expleverint,</strong></span> <span class='ocrx_word' id='word_1_163' title='bbox 672 1417 825 1468; x_wconf 89' lang='lat' dir='ltr'><strong>mutari,</strong></span> <span class='ocrx_word' id='word_1_164' title='bbox 862 1418 1093 1470; x_wconf 90' lang='lat' dir='ltr'><strong>exquirique</strong></span> <span class='ocrx_word' id='word_1_165' title='bbox 1130 1433 1257 1459; x_wconf 90' lang='lat' dir='ltr'><strong>novos</strong></span> <span class='ocrx_word' id='word_1_166' title='bbox 1296 1419 1405 1459; x_wconf 90' lang='lat' dir='ltr'><strong>sinus</strong></span> <span class='ocrx_word' id='word_1_167' title='bbox 1444 1427 1484 1460; x_wconf 90' lang='lat' dir='ltr'><strong>et</strong></span> 
     </span>
    </p>
   </div>
   <div class='ocr_carea' id='block_1_11' title="bbox 73 1482 1550 1927">
    <p class='ocr_par' dir='ltr' id='par_1_12' title="bbox 73 1482 1550 1927">
     <span class='ocr_line' id='line_1_22' title="bbox 73 1482 1483 1536; baseline 0 -12"><span class='ocrx_word' id='word_1_168' title='bbox 73 1483 180 1524; x_wconf 83' lang='lat' dir='ltr'><strong>varia</strong></span> <span class='ocrx_word' id='word_1_169' title='bbox 205 1483 428 1536; x_wconf 85' lang='lat' dir='ltr'><strong>praedandi</strong></span> <span class='ocrx_word' id='word_1_170' title='bbox 456 1483 661 1524; x_wconf 88' lang='lat' dir='ltr'><strong>vocabula.</strong></span> <span class='ocrx_word' id='word_1_171' title='bbox 720 1482 867 1523; x_wconf 90' lang='lat' dir='ltr'><strong>instare</strong></span> <span class='ocrx_word' id='word_1_172' title='bbox 894 1482 1087 1523; x_wconf 86' lang='lat' dir='ltr'><strong>dilectum</strong></span> <span class='ocrx_word' id='word_1_173' title='bbox 1117 1497 1200 1536; x_wconf 93' lang='lat' dir='ltr'><strong>quo</strong></span> <span class='ocrx_word' id='word_1_174' title='bbox 1228 1483 1340 1524; x_wconf 91' lang='lat' dir='ltr'><strong>liberi</strong></span> <span class='ocrx_word' id='word_1_175' title='bbox 1366 1499 1390 1524; x_wconf 84' lang='lat' dir='ltr'><strong>a</strong></span> <span class='ocrx_word' id='word_1_176' title='bbox 1419 1499 1483 1536; x_wconf 92' lang='lat' dir='ltr'><strong>pa-</strong></span> 
     </span>
     <span class='ocr_line' id='line_1_23' title="bbox 74 1549 1484 1602; baseline 0.001 -13"><span class='ocrx_word' id='word_1_177' title='bbox 74 1549 265 1599; x_wconf 88' lang='lat' dir='ltr'><strong>rentibus,</strong></span> <span class='ocrx_word' id='word_1_178' title='bbox 285 1550 422 1590; x_wconf 88' lang='lat' dir='ltr'><strong>fratres</strong></span> <span class='ocrx_word' id='word_1_179' title='bbox 441 1563 466 1589; x_wconf 88' lang='lat' dir='ltr'><strong>a</strong></span> <span class='ocrx_word' id='word_1_180' title='bbox 484 1549 668 1590; x_wconf 87' lang='lat' dir='ltr'><strong>fratribus</strong></span> <span class='ocrx_word' id='word_1_181' title='bbox 687 1551 796 1589; x_wconf 90' lang='lat' dir='ltr'><strong>velut</strong></span> <span class='ocrx_word' id='word_1_182' title='bbox 822 1563 1053 1602; x_wconf 88' lang='lat' dir='ltr'><strong>supremum</strong></span> <span class='ocrx_word' id='word_1_183' title='bbox 1073 1550 1313 1590; x_wconf 87' lang='lat' dir='ltr'><strong>dividantur.</strong></span> <span class='ocrx_word' id='word_1_184' title='bbox 1371 1565 1484 1590; x_wconf 88' lang='lat' dir='ltr'><strong>num-</strong></span> 
     </span>
     <span class='ocr_line' id='line_1_24' title="bbox 74 1614 1482 1668; baseline -0.001 -12"><span class='ocrx_word' id='word_1_185' title='bbox 74 1629 196 1668; x_wconf 85' lang='lat' dir='ltr'><strong>quam</strong></span> <span class='ocrx_word' id='word_1_186' title='bbox 229 1614 354 1666; x_wconf 84' lang='lat' dir='ltr'><strong>magis</strong></span> <span class='ocrx_word' id='word_1_187' title='bbox 381 1614 584 1655; x_wconf 81' lang='lat' dir='ltr'><strong>adflictam</strong></span> <span class='ocrx_word' id='word_1_188' title='bbox 613 1628 696 1655; x_wconf 87' lang='lat' dir='ltr'><strong>rem</strong></span> <span class='ocrx_word' id='word_1_189' title='bbox 727 1616 956 1654; x_wconf 87' lang='lat' dir='ltr'><strong>Romanam</strong></span> <span class='ocrx_word' id='word_1_190' title='bbox 986 1629 1061 1654; x_wconf 92' lang='lat' dir='ltr'><strong>nec</strong></span> <span class='ocrx_word' id='word_1_191' title='bbox 1090 1615 1199 1656; x_wconf 93' lang='lat' dir='ltr'><strong>aliud</strong></span> <span class='ocrx_word' id='word_1_192' title='bbox 1231 1617 1271 1654; x_wconf 88' lang='lat' dir='ltr'><strong>in</strong></span> <span class='ocrx_word' id='word_1_193' title='bbox 1306 1616 1482 1656; x_wconf 87' lang='lat' dir='ltr'><strong>hibernis</strong></span> 
     </span>
     <span class='ocr_line' id='line_1_25' title="bbox 73 1680 1550 1733; baseline -0.002 -13"><span class='ocrx_word' id='word_1_194' title='bbox 73 1693 196 1733; x_wconf 87' lang='lat' dir='ltr'><strong>quam</strong></span> <span class='ocrx_word' id='word_1_195' title='bbox 222 1680 412 1732; x_wconf 85' lang='lat' dir='ltr'><strong>praedam</strong></span> <span class='ocrx_word' id='word_1_196' title='bbox 440 1686 480 1720; x_wconf 91' lang='lat' dir='ltr'><strong>et</strong></span> <span class='ocrx_word' id='word_1_197' title='bbox 509 1693 647 1720; x_wconf 88' lang='lat' dir='ltr'><strong>senes:</strong></span> <span class='ocrx_word' id='word_1_198' title='bbox 676 1681 902 1719; x_wconf 87' lang='lat' dir='ltr'><strong>attollerent</strong></span> <span class='ocrx_word' id='word_1_199' title='bbox 932 1687 1088 1720; x_wconf 89' lang='lat' dir='ltr'><strong>tantum</strong></span> <span class='ocrx_word' id='word_1_200' title='bbox 1117 1682 1256 1720; x_wconf 90' lang='lat' dir='ltr'><strong>oculos</strong></span> <span class='ocrx_word' id='word_1_201' title='bbox 1283 1689 1322 1720; x_wconf 92' lang='lat' dir='ltr'><strong>et</strong></span> <span class='ocrx_word' id='word_1_202' title='bbox 1349 1681 1483 1722; x_wconf 87' lang='lat' dir='ltr'><strong>inania</strong></span> <span class='ocrx_word' id='word_1_203' title='bbox 1508 1696 1550 1718; x_wconf 82' lang='lat'><strong>20</strong></span> 
     </span>
     <span class='ocr_line' id='line_1_26' title="bbox 74 1744 1483 1799; baseline 0 -13"><span class='ocrx_word' id='word_1_204' title='bbox 74 1745 278 1799; x_wconf 86' lang='lat' dir='ltr'><strong>legionum</strong></span> <span class='ocrx_word' id='word_1_205' title='bbox 298 1744 462 1785; x_wconf 84' lang='lat' dir='ltr'><strong>nomina</strong></span> <span class='ocrx_word' id='word_1_206' title='bbox 481 1758 533 1785; x_wconf 90' lang='lat' dir='ltr'><strong>ne</strong></span> <span class='ocrx_word' id='word_1_207' title='bbox 554 1753 822 1797; x_wconf 87' lang='lat' dir='ltr'><strong>pavescerent.</strong></span> <span class='ocrx_word' id='word_1_208' title='bbox 881 1753 921 1784; x_wconf 92' lang='lat' dir='ltr'><strong>at</strong></span> <span class='ocrx_word' id='word_1_209' title='bbox 941 1745 1018 1785; x_wconf 90' lang='lat' dir='ltr'><strong>sibi</strong></span> <span class='ocrx_word' id='word_1_210' title='bbox 1037 1745 1158 1786; x_wconf 89' lang='lat' dir='ltr'><strong>robur</strong></span> <span class='ocrx_word' id='word_1_211' title='bbox 1173 1747 1353 1798; x_wconf 91' lang='lat' dir='ltr'><strong>peditum</strong></span> <span class='ocrx_word' id='word_1_212' title='bbox 1375 1746 1483 1798; x_wconf 91' lang='lat' dir='ltr'><strong>equi-</strong></span> 
     </span>
     <span class='ocr_line' id='line_1_27' title="bbox 74 1809 1479 1862; baseline 0.001 -12"><span class='ocrx_word' id='word_1_213' title='bbox 74 1817 256 1862; x_wconf 87' lang='lat' dir='ltr'><strong>tumque,</strong></span> <span class='ocrx_word' id='word_1_214' title='bbox 292 1809 611 1862; x_wconf 85' lang='lat' dir='ltr'><strong>consanguineos</strong></span> <span class='ocrx_word' id='word_1_215' title='bbox 650 1811 886 1858; x_wconf 86' lang='lat' dir='ltr'><strong>Germanos,</strong></span> <span class='ocrx_word' id='word_1_216' title='bbox 923 1809 1073 1850; x_wconf 88' lang='lat' dir='ltr'><strong>Gallias</strong></span> <span class='ocrx_word' id='word_1_217' title='bbox 1118 1811 1226 1850; x_wconf 89' lang='lat' dir='ltr'><strong>idem</strong></span> <span class='ocrx_word' id='word_1_218' title='bbox 1272 1811 1479 1862; x_wconf 82' lang='lat' dir='ltr'><strong>cupientis.</strong></span> 
     </span>
     <span class='ocr_line' id='line_1_28' title="bbox 74 1873 1483 1927; baseline 0.001 -11"><span class='ocrx_word' id='word_1_219' title='bbox 74 1889 127 1916; x_wconf 87' lang='lat' dir='ltr'><strong>ne</strong></span> <span class='ocrx_word' id='word_1_220' title='bbox 147 1875 344 1916; x_wconf 88' lang='lat' dir='ltr'><strong>Romanis</strong></span> <span class='ocrx_word' id='word_1_221' title='bbox 364 1874 529 1926; x_wconf 89' lang='lat' dir='ltr'><strong>quidem</strong></span> <span class='ocrx_word' id='word_1_222' title='bbox 548 1873 748 1926; x_wconf 88' lang='lat' dir='ltr'><strong>ingratum</strong></span> <span class='ocrx_word' id='word_1_223' title='bbox 772 1874 814 1914; x_wconf 93' lang='lat' dir='ltr'><strong>id</strong></span> <span class='ocrx_word' id='word_1_224' title='bbox 835 1875 997 1924; x_wconf 85' lang='lat' dir='ltr'><strong>bellum,</strong></span> <span class='ocrx_word' id='word_1_225' title='bbox 1020 1874 1133 1915; x_wconf 92' lang='lat' dir='ltr'><strong>cuius</strong></span> <span class='ocrx_word' id='word_1_226' title='bbox 1159 1873 1388 1927; x_wconf 88' lang='lat' dir='ltr'><strong>ambiguam</strong></span> <span class='ocrx_word' id='word_1_227' title='bbox 1409 1878 1483 1917; x_wconf 89' lang='lat' dir='ltr'><strong>for-</strong></span> 
     </span>
    </p>
   </div>
   <div class='ocr_carea' id='block_1_12' title="bbox 45 1935 1521 1997">
    <p class='ocr_par' dir='ltr' id='par_1_13' title="bbox 45 1935 1521 1997">
     <span class='ocr_line' id='line_1_29' title="bbox 45 1935 1521 1997; baseline 0.001 -16"><span class='ocrx_word' id='word_1_228' title='bbox 45 1947 47 1949; x_wconf 82' lang='grc'><strong>’</strong></span> <span class='ocrx_word' id='word_1_229' title='bbox 74 1947 214 1981; x_wconf 87' lang='lat' dir='ltr'><strong>tunam</strong></span> <span class='ocrx_word' id='word_1_230' title='bbox 234 1939 483 1997; x_wconf 87' lang='lat' dir='ltr'><strong>Vespasiano</strong></span> <span class='ocrx_word' id='word_1_231' title='bbox 500 1939 767 1991; x_wconf 87' lang='lat' dir='ltr'><strong>imputaturos</strong></span> <span class='ocrx_word' id='word_1_232' title='bbox 784 1955 792 1979; x_wconf 92' lang='lat'>:</span> <span class='ocrx_word' id='word_1_233' title='bbox 827 1939 1014 1980; x_wconf 90' lang='lat' dir='ltr'><strong>victoriae</strong></span> <span class='ocrx_word' id='word_1_234' title='bbox 1035 1940 1231 1980; x_wconf 86' lang='lat' dir='ltr'><strong>rationem</strong></span> <span class='ocrx_word' id='word_1_235' title='bbox 1252 1955 1335 1980; x_wconf 90' lang='lat' dir='ltr'><strong>non</strong></span> <span class='ocrx_word' id='word_1_236' title='bbox 1355 1943 1481 1983; x_wconf 89' lang='lat' dir='ltr'><strong>reddi.</strong></span> <span class='ocrx_word' id='word_1_237' title='bbox 1512 1935 1521 1950; x_wconf 79' lang='lat'><strong>&#39;&#39;</strong></span> 
     </span>
    </p>
   </div>
   <div class='ocr_carea' id='block_1_13' title="bbox 75 2004 1550 2126">
    <p class='ocr_par' dir='ltr' id='par_1_14' title="bbox 75 2004 1550 2126">
     <span class='ocr_line' id='line_1_30' title="bbox 239 2004 1550 2059; baseline 0.003 -14"><span class='ocrx_word' id='word_1_238' title='bbox 239 2005 392 2057; x_wconf 75' lang='lat' dir='ltr'><strong>Magno</strong></span> <span class='ocrx_word' id='word_1_239' title='bbox 430 2018 523 2045; x_wconf 90' lang='lat' dir='ltr'><strong>cum</strong></span> <span class='ocrx_word' id='word_1_240' title='bbox 555 2005 729 2045; x_wconf 87' lang='lat' dir='ltr'><strong>adsensu</strong></span> <span class='ocrx_word' id='word_1_241' title='bbox 763 2004 922 2044; x_wconf 92' lang='lat' dir='ltr'><strong>auditus</strong></span> <span class='ocrx_word' id='word_1_242' title='bbox 957 2005 1126 2045; x_wconf 87' lang='lat' dir='ltr'><strong>barbaro</strong></span> <span class='ocrx_word' id='word_1_243' title='bbox 1160 2005 1235 2045; x_wconf 92' lang='lat' dir='ltr'><strong>ritu</strong></span> <span class='ocrx_word' id='word_1_244' title='bbox 1270 2014 1309 2047; x_wconf 89' lang='lat' dir='ltr'><strong>et</strong></span> <span class='ocrx_word' id='word_1_245' title='bbox 1348 2009 1482 2059; x_wconf 88' lang='lat' dir='ltr'><strong>patriis</strong></span> <span class='ocrx_word' id='word_1_246' title='bbox 1507 2016 1550 2056; x_wconf 89' lang='lat'><strong>15</strong></span> 
     </span>
     <span class='ocr_line' id='line_1_31' title="bbox 75 2069 1484 2126; baseline 0 -12"><span class='ocrx_word' id='word_1_247' title='bbox 75 2070 391 2114; x_wconf 85' lang='lat' dir='ltr'><strong>execrationibus</strong></span> <span class='ocrx_word' id='word_1_248' title='bbox 430 2069 635 2110; x_wconf 86' lang='lat' dir='ltr'><strong>universos</strong></span> <span class='ocrx_word' id='word_1_249' title='bbox 669 2069 804 2121; x_wconf 83' lang='lat' dir='ltr'><strong>adigit.</strong></span> <span class='ocrx_word' id='word_1_250' title='bbox 874 2069 983 2109; x_wconf 91' lang='lat' dir='ltr'><strong>missi</strong></span> <span class='ocrx_word' id='word_1_251' title='bbox 1016 2071 1068 2111; x_wconf 88' lang='lat' dir='ltr'><strong>ad</strong></span> <span class='ocrx_word' id='word_1_252' title='bbox 1104 2071 1379 2112; x_wconf 88' lang='lat' dir='ltr'><strong>Canninefatis</strong></span> <span class='ocrx_word' id='word_1_253' title='bbox 1414 2075 1484 2126; x_wconf 92' lang='lat' dir='ltr'><strong>qui</strong></span> 
     </span>
    </p>
   </div>
   <div class='ocr_carea' id='block_1_14' title="bbox 75 2173 1484 2518">
    <p class='ocr_par' dir='ltr' id='par_1_15' title="bbox 75 2173 1484 2386">
     <span class='ocr_line' id='line_1_32' title="bbox 120 2173 1484 2220; baseline 0.002 -12"><span class='ocrx_word' id='word_1_254' title='bbox 120 2184 174 2220; x_wconf 84' lang='lat'><strong>14.</strong></span> <span class='ocrx_word' id='word_1_255' title='bbox 199 2187 221 2218; x_wconf 85' lang='lat'>3</span> <span class='ocrx_word' id='word_1_256' title='bbox 245 2175 391 2209; x_wconf 85' lang='lat' dir='ltr'><strong>dilectus</strong></span> <span class='ocrx_word' id='word_1_257' title='bbox 417 2175 466 2214; x_wconf 86' lang='lat' dir='ltr'><strong>M,</strong></span> <span class='ocrx_word' id='word_1_258' title='bbox 495 2186 574 2208; x_wconf 85' lang='lat' dir='ltr'><strong>corr.</strong></span> <span class='ocrx_word' id='word_1_259' title='bbox 604 2174 662 2206; x_wconf 86' lang='lat' dir='ltr'><strong>Ml</strong></span> <span class='ocrx_word' id='word_1_260' title='bbox 810 2175 832 2206; x_wconf 89' lang='lat'><strong>6</strong></span> <span class='ocrx_word' id='word_1_261' title='bbox 854 2173 1000 2215; x_wconf 87' lang='lat' dir='ltr'><strong>inpubes</strong></span> <span class='ocrx_word' id='word_1_262' title='bbox 1030 2180 1084 2207; x_wconf 90' lang='lat' dir='ltr'><strong>set</strong></span> <span class='ocrx_word' id='word_1_263' title='bbox 1107 2175 1156 2216; x_wconf 91' lang='lat' dir='ltr'><strong>M,</strong></span> <span class='ocrx_word' id='word_1_264' title='bbox 1182 2181 1236 2217; x_wconf 85' lang='lat' dir='ltr'><strong>pr.</strong></span> <span class='ocrx_word' id='word_1_265' title='bbox 1266 2187 1283 2208; x_wconf 88' lang='lat' dir='ltr'><strong>s</strong></span> <span class='ocrx_word' id='word_1_266' title='bbox 1310 2176 1369 2210; x_wconf 79' lang='lat' dir='ltr'><strong>del.</strong></span> <span class='ocrx_word' id='word_1_267' title='bbox 1401 2178 1484 2211; x_wconf 65' lang='lat' dir='ltr'><strong>Ml:</strong></span> 
     </span>
     <span class='ocr_line' id='line_1_33' title="bbox 75 2217 1484 2263; baseline 0.001 -9"><span class='ocrx_word' id='word_1_268' title='bbox 75 2219 224 2263; x_wconf 86' lang='lat' dir='ltr'><strong>inpubes</strong></span> <span class='ocrx_word' id='word_1_269' title='bbox 237 2225 273 2252; x_wconf 89' lang='lat' dir='ltr'><strong>et</strong></span> <span class='ocrx_word' id='word_1_270' title='bbox 287 2220 458 2251; x_wconf 74' lang='lat' dir='ltr'><strong>coniecerat</strong></span> <span class='ocrx_word' id='word_1_271' title='bbox 469 2218 582 2251; x_wconf 89' lang='lat' dir='ltr'><strong>Halm</strong></span> <span class='ocrx_word' id='word_1_272' title='bbox 597 2231 604 2252; x_wconf 88' lang='lat'>:</span> <span class='ocrx_word' id='word_1_273' title='bbox 628 2218 772 2258; x_wconf 87' lang='lat' dir='ltr'><strong>inpubes</strong></span> <span class='ocrx_word' id='word_1_274' title='bbox 788 2218 849 2250; x_wconf 88' lang='lat' dir='ltr'><strong>sed</strong></span> <span class='ocrx_word' id='word_1_275' title='bbox 864 2217 967 2260; x_wconf 83' lang='lat' dir='ltr'><em>vulgo</em></span> <span class='ocrx_word' id='word_1_276' title='bbox 1131 2220 1152 2250; x_wconf 91' lang='lat'>8</span> <span class='ocrx_word' id='word_1_277' title='bbox 1175 2221 1383 2261; x_wconf 89' lang='lat' dir='ltr'><strong>compositae</strong></span> <span class='ocrx_word' id='word_1_278' title='bbox 1398 2221 1460 2254; x_wconf 84' lang='lat' dir='ltr'><strong>det.</strong></span> <span class='ocrx_word' id='word_1_279' title='bbox 1475 2234 1484 2255; x_wconf 89' lang='lat'>:</span> 
     </span>
     <span class='ocr_line' id='line_1_34' title="bbox 75 2260 1482 2307; baseline -0.001 -9"><span class='ocrx_word' id='word_1_280' title='bbox 75 2263 257 2306; x_wconf 76' lang='lat' dir='ltr'><strong>compositi</strong></span> <span class='ocrx_word' id='word_1_281' title='bbox 273 2262 317 2296; x_wconf 83' lang='lat' dir='ltr'><em>M</em></span> <span class='ocrx_word' id='word_1_282' title='bbox 381 2272 420 2303; x_wconf 87' lang='lat'><strong>14</strong></span> <span class='ocrx_word' id='word_1_283' title='bbox 443 2263 491 2295; x_wconf 78' lang='lat' dir='ltr'><strong>ita</strong></span> <span class='ocrx_word' id='word_1_284' title='bbox 505 2262 656 2295; x_wconf 78' lang='lat' dir='ltr'><strong>distinxit</strong></span> <span class='ocrx_word' id='word_1_285' title='bbox 674 2260 793 2293; x_wconf 86' lang='lat' dir='ltr'><strong>Wurm</strong></span> <span class='ocrx_word' id='word_1_286' title='bbox 809 2273 817 2294; x_wconf 74' lang='lat' dir='ltr'><strong>t</strong></span> <span class='ocrx_word' id='word_1_287' title='bbox 836 2261 983 2304; x_wconf 87' lang='lat' dir='ltr'><strong>superbo</strong></span> <span class='ocrx_word' id='word_1_288' title='bbox 999 2272 1074 2294; x_wconf 90' lang='lat' dir='ltr'><strong>cum</strong></span> <span class='ocrx_word' id='word_1_289' title='bbox 1090 2262 1235 2305; x_wconf 87' lang='lat' dir='ltr'><strong>imperio</strong></span> <span class='ocrx_word' id='word_1_290' title='bbox 1250 2264 1352 2306; x_wconf 85' lang='lat' dir='ltr'><strong>vulgo</strong></span> <span class='ocrx_word' id='word_1_291' title='bbox 1443 2276 1482 2307; x_wconf 85' lang='lat'><strong>17</strong></span> 
     </span>
     <span class='ocr_line' id='line_1_35' title="bbox 75 2305 1483 2386; baseline 0.001 -46"><span class='ocrx_word' id='word_1_292' title='bbox 75 2307 388 2386; x_wconf 55' lang='lat' dir='ltr'><strong>ffinfibusffi&#39;</strong></span> <span class='ocrx_word' id='word_1_293' title='bbox 400 2311 454 2349; x_wconf 84' lang='lat' dir='ltr'><strong>pr.</strong></span> <span class='ocrx_word' id='word_1_294' title='bbox 473 2316 497 2348; x_wconf 89' lang='lat' dir='ltr'><strong>p</strong></span> <span class='ocrx_word' id='word_1_295' title='bbox 511 2305 572 2339; x_wconf 78' lang='lat' dir='ltr'><strong>det.</strong></span> <span class='ocrx_word' id='word_1_296' title='bbox 591 2305 648 2338; x_wconf 81' lang='lat' dir='ltr'><strong>Ml</strong></span> <span class='ocrx_word' id='word_1_297' title='bbox 783 2316 826 2338; x_wconf 83' lang='lat'><strong>20</strong></span> <span class='ocrx_word' id='word_1_298' title='bbox 849 2310 884 2338; x_wconf 89' lang='lat' dir='ltr'><strong>at</strong></span> <span class='ocrx_word' id='word_1_299' title='bbox 898 2306 1060 2339; x_wconf 83' lang='lat' dir='ltr'><strong>tollerent</strong></span> <span class='ocrx_word' id='word_1_300' title='bbox 1075 2306 1118 2338; x_wconf 88' lang='lat' dir='ltr'><em>M</em></span> <span class='ocrx_word' id='word_1_301' title='bbox 1249 2317 1291 2339; x_wconf 85' lang='lat'><strong>22</strong></span> <span class='ocrx_word' id='word_1_302' title='bbox 1316 2309 1483 2350; x_wconf 88' lang='lat' dir='ltr'><strong>cupienti·</strong></span> 
     </span>
    </p>

    <p class='ocr_par' dir='ltr' id='par_1_16' title="bbox 223 2361 303 2386">
     <span class='ocr_line' id='line_1_36' title="bbox 223 2361 303 2386; baseline 0 -3"><span class='ocrx_word' id='word_1_303' title='bbox 223 2361 303 2386; x_wconf 85' lang='lat' dir='ltr'><strong>corr.</strong></span> 
     </span>
    </p>

    <p class='ocr_par' dir='ltr' id='par_1_17' title="bbox 77 2374 1480 2516">
     <span class='ocr_line' id='line_1_37' title="bbox 121 2374 1480 2439; baseline 0.001 -11"><span class='ocrx_word' id='word_1_304' title='bbox 121 2399 174 2439; x_wconf 81' lang='lat'><strong>15.</strong></span> <span class='ocrx_word' id='word_1_305' title='bbox 196 2374 216 2427; x_wconf 69' lang='grc' dir='ltr'><strong>’κ</strong></span> <span class='ocrx_word' id='word_1_306' title='bbox 241 2394 328 2428; x_wconf 87' lang='lat' dir='ltr'><strong>ritus</strong></span> <span class='ocrx_word' id='word_1_307' title='bbox 341 2392 393 2434; x_wconf 88' lang='lat' dir='ltr'><strong>M,</strong></span> <span class='ocrx_word' id='word_1_308' title='bbox 408 2405 489 2427; x_wconf 81' lang='lat' dir='ltr'><strong>corr.</strong></span> <span class='ocrx_word' id='word_1_309' title='bbox 507 2393 564 2426; x_wconf 77' lang='lat' dir='ltr'><strong>Ml</strong></span> <span class='ocrx_word' id='word_1_310' title='bbox 637 2399 672 2426; x_wconf 87' lang='lat' dir='ltr'><strong>et</strong></span> <span class='ocrx_word' id='word_1_311' title='bbox 686 2393 746 2426; x_wconf 85' lang='lat' dir='ltr'><strong>del.</strong></span> <span class='ocrx_word' id='word_1_312' title='bbox 764 2392 918 2426; x_wconf 75' lang='lat' dir='ltr'><strong>Eussner</strong></span> <span class='ocrx_word' id='word_1_313' title='bbox 1014 2404 1034 2425; x_wconf 91' lang='lat'><em>2</em></span> <span class='ocrx_word' id='word_1_314' title='bbox 1059 2395 1180 2428; x_wconf 84' lang='lat' dir='ltr'><strong>canine</strong></span> <span class='ocrx_word' id='word_1_315' title='bbox 1196 2395 1284 2428; x_wconf 85' lang='lat' dir='ltr'><strong>sates</strong></span> <span class='ocrx_word' id='word_1_316' title='bbox 1299 2396 1360 2428; x_wconf 90' lang='lat' dir='ltr'><strong>M:</strong></span> <span class='ocrx_word' id='word_1_317' title='bbox 1391 2396 1480 2430; x_wconf 85' lang='lat' dir='ltr'><strong>Can-</strong></span> 
     </span>
     <span class='ocr_line' id='line_1_38' title="bbox 77 2437 1392 2516; baseline -0.004 -42"><span class='ocrx_word' id='word_1_318' title='bbox 77 2439 259 2474; x_wconf 77' lang='lat' dir='ltr'><strong>uenerates</strong></span> <span class='ocrx_word' id='word_1_319' title='bbox 279 2437 332 2474; x_wconf 84' lang='lat' dir='ltr'><strong>W.</strong></span> <span class='ocrx_word' id='word_1_320' title='bbox 347 2438 514 2479; x_wconf 80' lang='lat' dir='ltr'><strong>Heraeus,</strong></span> <span class='ocrx_word' id='word_1_321' title='bbox 529 2438 613 2480; x_wconf 83' lang='lat' dir='ltr'><strong>conf.</strong></span> <span class='ocrx_word' id='word_1_322' title='bbox 631 2448 678 2471; x_wconf 90' lang='lat' dir='ltr'><strong>cc.</strong></span> <span class='ocrx_word' id='word_1_323' title='bbox 695 2448 748 2478; x_wconf 77' lang='lat'><strong>32.</strong></span> <span class='ocrx_word' id='word_1_324' title='bbox 769 2440 823 2479; x_wconf 89' lang='lat'><strong>56,</strong></span> <span class='ocrx_word' id='word_1_325' title='bbox 843 2448 896 2479; x_wconf 91' lang='lat'><strong>79,</strong></span> <span class='ocrx_word' id='word_1_326' title='bbox 912 2438 955 2478; x_wconf 85' lang='lat'><strong>85</strong></span> <span class='ocrx_word' id='word_1_327' title='bbox 1352 2486 1392 2516; x_wconf 60' lang='grc'><strong>14</strong></span> 
     </span>
    </p>

    <p class='ocr_par' dir='ltr' id='par_1_18' title="bbox 120 2492 304 2518">
     <span class='ocr_line' id='line_1_39' title="bbox 120 2492 304 2518; baseline -0.005 -1"><span class='ocrx_word' id='word_1_328' title='bbox 120 2493 194 2518; x_wconf 69' lang='lat' dir='ltr'><strong>ue.</strong></span> <span class='ocrx_word' id='word_1_329' title='bbox 214 2492 304 2516; x_wconf 74' lang='lat' dir='ltr'><strong>msr.</strong></span> 
     </span>
    </p>
   </div>
  </div>
 </body>
</html>
