1748 2826
181 150 239 189 ιν
258 160 315 199 39
703 146 980 188 CORNELII
1009 146 1206 186 TAcm
1624 0 1748 179 Ἶ

260 262 398 301 laudes
439 267 646 312 gratesque
688 260 870 299 decretae
888 271 899 307 3
945 257 1079 296 Tettio
1121 256 1277 297 Iuliano
1318 265 1510 310 praetura,
1554 265 1650 298 tam-

259 339 379 378 quam
418 323 768 376 transgredientem
809 324 848 361 in
885 321 1005 373 partis
1038 321 1273 372 Vespasiani
1310 322 1505 373 legionem
1539 322 1648 362 dese·

223 391 409 443 5ruisset‚
439 391 571 430 ablata
603 396 647 428 ut
679 388 719 427 in
752 387 926 427 Plotium
960 388 1138 438 Grypum
1168 387 1464 437 transferretur3
1491 388 1650 427 Hormo

253 455 429 507 dignitas
467 453 657 505 equestris
695 454 798 493 data.
856 459 895 492 et
932 465 1024 490 mox
1063 452 1238 490 eiurante
1277 451 1467 491 Frontino
1504 451 1651 492 Caesar

258 519 514 560 Domitianus
538 525 760 569 praeturam
785 516 900 567 cepit.
959 515 1044 555 eius
1063 529 1211 554 nomen
1231 515 1409 567 epistulis
1429 516 1650 568 edictisque

254 583 585 637 praeponebatur,
607 584 665 622 vis
693 595 816 633 penes
843 580 1080 620 Mucianum
1107 588 1198 628 erat,
1227 579 1302 619 nisi
1329 581 1438 631 quod
1464 583 1650 632 pleraque

262 649 515 691 Domitianus
543 647 819 699 instigantibus
845 645 983 686 amicis
1009 653 1076 685 aut
1102 645 1260 697 propria
1278 645 1444 686 libidine
1462 646 1647 688 audebat.

203 731 242 755 10
260 716 331 755 sed
357 715 590 768 praecipuus
618 711 810 751 Muciano
836 718 964 750 metus
984 723 1007 751 e
1027 711 1160 750 Primo
1179 709 1357 750 Antonio
1376 712 1563 763 Varoque
1580 713 1652 752 Ar·

260 781 329 830 rio,
360 793 461 832 quos
495 778 663 818 recentis
695 778 901 827 clarosque
934 789 1063 816 rerum
1097 777 1202 815 fama
1230 789 1278 815 ac
1310 774 1480 815 rnilitum
1511 775 1650 816 studiis

261 845 379 886 etiam
408 844 580 896 populus
611 842 781 890 fovebat,
810 840 903 892 quia
935 840 976 880 in
1000 841 1201 881 neminem
1230 842 1330 879 ultra
1354 839 1481 880 aciem
1507 840 1652 881 saevie-

258 917 357 951 rant.
415 916 455 950 et
482 907 679 948 ferebatur
707 905 906 946 Antonius
934 905 1239 945 Scribonianum
1268 906 1466 954 Crassum,
1487 905 1650 957 egregiis

258 973 474 1016 maioribus
495 980 534 1012 et
553 974 720 1012 fraterna
746 971 916 1021 imagine
943 972 1168 1021 fulgentem,
1191 970 1243 1009 ad
1262 970 1547 1021 capessendam
1566 982 1650 1010 rem

202 1056 240 1089 15
259 1039 460 1091 publicam
488 1039 677 1086 hortatus,
702 1037 811 1075 haud
839 1037 1021 1075 defutura
1049 1033 1299 1074 consciorum
1328 1047 1460 1084 manu,
1485 1033 1528 1074 ni
1553 1034 1652 1075 Scri-

259 1103 456 1144 bonianus
482 1101 696 1150 abnuisset,
726 1114 776 1141 ne
802 1099 945 1152 paratis
972 1099 1135 1151 quidem
1166 1099 1363 1150 corrumpi
1392 1098 1527 1150 facilis,
1546 1101 1651 1141 adeo

259 1176 440 1208 metuens
460 1165 619 1207 incerta.
678 1166 793 1216 igitur
813 1164 1036 1213 Mucianus,
1055 1163 1148 1215 quia
1167 1165 1370 1215 propalam
1389 1163 1559 1215 opprimi
1571 1166 1652 1205 An-

258 1233 390 1274 tonius
410 1231 611 1284 nequibat,
634 1231 767 1270 multis
794 1229 835 1268 in
860 1236 998 1269 senatu
1018 1227 1203 1268 laudibus
1223 1228 1649 1283 cumulatum'secretis

258 1297 459 1351 promissis
498 1302 645 1344 onerat,
687 1293 905 1335 citeriorem
946 1292 1185 1344 Hispaniam
1228 1299 1432 1333 ostentans
1473 1294 1651 1334 discessu

198 1375 240 1399 ²0
259 1363 389 1405 Cluvii
418 1364 511 1403 Rufi
541 1373 733 1410 vacuam3
760 1361 878 1399 simul
906 1357 1043 1399 amicis
1072 1359 1157 1398 eius
1185 1357 1407 1398 tribunatus
1434 1359 1651 1410 praefectu-

257 1442 399 1480 rasque
417 1429 586 1479 largitur.
644 1427 737 1465 dein
764 1431 975 1476 postquam
1003 1425 1163 1463 inanem
1189 1422 1366 1462 animum
1391 1436 1461 1474 spe
1486 1430 1526 1464 et
1543 1423 1651 1475 cupi-

255 1494 352 1535 dine
377 1494 616 1544 impleverat,
639 1490 729 1530 viris
755 1490 888 1528 abolet
912 1488 1075 1528 dimissa
1094 1487 1135 1526 in
1162 1487 1328 1527 hiberna
1352 1487 1508 1538 legione
1535 1488 1651 1540 septi-

257 1573 334 1607 ma,
355 1559 466 1599 cuius
490 1557 811 1607 flagrantissimus
838 1555 880 1593 in
906 1552 1129 1594 Antonium
1157 1565 1278 1593 amor.
1337 1559 1377 1592 et
1401 1552 1515 1592 tertia
1534 1554 1648 1604 legio,

257 1622 455 1663 familiaris
483 1621 598 1661 Arrio
626 1622 733 1659 Varo
762 1618 888 1667 miles,
923 1618 964 1658 in
996 1617 1146 1669 Syriam
1177 1618 1362 1666 remissa3
1395 1630 1484 1668 pars
1509 1619 1652 1658 exerci-
1745 1615 1748 1650 l

199 1699 237 1733 25
258 1696 320 1728 tus
346 1689 387 1727 in
414 1686 645 1728 Germanias
675 1685 905 1725 ducebatur.
967 1683 1022 1723 sic
1056 1690 1191 1735 egesto
1222 1681 1418 1734 quidquid
1445 1681 1650 1723 turbidum
1732 1693 1735 1695 ’

257 1754 358 1794 redit
377 1753 465 1793 urbi
485 1766 556 1792 sua
574 1753 699 1790 forma
718 1752 904 1802 legesque
926 1755 964 1788 et
985 1748 1120 1787 munia
1140 1747 1452 1799 magistratuum.

183 1828 240 1866 40
420 1819 514 1868 Quo
533 1816 598 1856 die
622 1823 801 1855 senatum
832 1816 1028 1866 ingressus
1049 1820 1117 1852 est
1146 1811 1411 1859 Domitianus,
1434 1811 1486 1851 de
1511 1809 1650 1851 absen-

257 1883 311 1924 tia
337 1883 455 1934 patris
482 1881 687 1932 fratrisque
707 1894 755 1920 ac
777 1879 936 1919 iuventa
957 1891 1028 1917 sua
1047 1890 1174 1929 pauca
1203 1883 1241 1917 et
1269 1875 1428 1916 modica
1453 1875 1646 1923 disseruit,

257 1947 424 1986 decorus
453 1944 590 1985 habitu
605 1959 616 1993 ;
649 1950 688 1983 et
717 1942 860 1994 ignotis
891 1942 1023 1981 adhuc
1049 1938 1225 1979 moribus
1255 1938 1391 1978 crebra
1417 1936 1495 1977 oris
1514 1938 1650 1977 confu-

257 2010 316 2051 sio
347 2023 419 2062 pro
457 2009 652 2049 modestia
690 2008 967 2059 accipiebatur.
1027 2005 1217 2044 referente
1255 2004 1425 2044 Caesare
1458 2003 1510 2041 de
1542 2001 1649 2042 resti-

219 2085 240 2119 ⁵
257 2076 414 2115 tuendis
440 2075 592 2115 Galbae
622 2074 852 2121 honoribus,
874 2069 1027 2113 censuit
1052 2068 1210 2111 Curtius
1235 2070 1456 2108 Montanus
1476 2074 1520 2107 ut
1540 2065 1648 2108 Piso-

255 2140 317 2182 nis
341 2152 503 2192 quoque
530 2139 720 2180 memoria
747 2139 1018 2179 celebraretur.
1074 2142 1204 2186 patres
1233 2141 1445 2184 utrumque
1475 2131 1647 2174 iusserez

299 2249 363 2284 39.
388 2253 408 2282 3
432 2243 547 2273 Tettio
563 2242 597 2273 A
603 2241 750 2281 ndresen,
768 2240 835 2273 coll.
852 2240 873 2272 i.
893 2249 956 2279 79:
982 2242 1016 2269 et
1032 2237 1093 2268 tito
1109 2235 1167 2267 M:
1193 2239 1227 2266 et
1241 2235 1355 2266 Tettio
1374 2233 1478 2265 Orelli
1625 2242 1645 2273 5

255 2287 413 2327 griphum
431 2286 481 2324 M,
498 2286 579 2326 conf.
599 2285 644 2316 iii.
664 2294 706 2324 52
823 2294 861 2324 14
886 2281 1069 2314 maioribus
1085 2278 1126 2310 M
1130 2277 1140 2298 ¹
1156 2289 1164 2309 τ
1191 2277 1439 2317 maioribusque
1454 2275 1514 2308 M:
1543 2276 1644 2308 mori-

255 2331 318 2362 bus
333 2328 511 2360 Batticher:
543 2328 670 2360 artibus
686 2327 932 2366 maioribusque
947 2323 1064 2355 Haase
1240 2330 1280 2362 19
1304 2321 1447 2351 decessu
1462 2318 1645 2362 Nipperdey

256 2384 297 2406 22
320 2373 473 2412 legiones
488 2371 530 2402 M
657 2372 700 2402 26
724 2370 823 2402 rediit
839 2369 964 2406 Haase,
980 2365 1088 2397 Halm

300 2423 363 2461 40.
393 2426 412 2447 2
438 2415 566 2449 modice
587 2414 637 2446 W.
654 2414 805 2447 Heraeus
