1748 2826
168 145 233 190 111
252 155 304 195 35
697 132 973 190 coRNELu
1003 153 1199 193 TACITI

250 265 290 298 et
319 258 534 310 Hispanias
563 259 724 299 nuntios
748 261 984 311 famamque,
1012 261 1053 301 in
1080 262 1249 303 Galliam
1276 265 1423 304 Iulium
1447 266 1642 306 Calenum

249 322 463 372 tribunum,
485 323 526 362 in
547 324 800 364 Germaniam
824 324 1028 376 Alpinium
1056 328 1295 368 Montanum
1314 330 1566 380 praefectum
1579 342 1643 370 co-

249 388 383 437 hortis,
419 390 528 439 quod
556 389 622 429 hic
651 389 800 439 Trevir‚
834 389 1007 431 Calenus
1036 392 1213 441 Aeduus,
1246 400 1411 444 uterque
1441 392 1642 434 Vitelliani

250 454 413 501 fuerant,
445 454 617 494 ostentui
656 454 806 494 misere.
863 455 979 495 simul
1016 456 1201 496 transitus
1238 458 1401 510 Alpium
1438 458 1641 510 praesidiis

193 530 230 552 10
248 518 442 569 occupati,
478 526 661 571 suspecta
698 520 921 569 Germania,
955 528 1158 573 tamquam
1194 522 1236 562 in
1272 522 1460 563 auxilium
1488 522 1641 563 Vitellii

247 583 524 634 accingeretur.

173 645 230 692 36
409 651 464 690 At
481 649 663 691 Vitellius
692 653 869 702 profecto
899 651 1083 701 Caecina,
1114 652 1404 693 cumeabium
1429 654 1640 694 Valentem

247 713 383 762 paucis
412 722 502 765 post
530 716 670 755 diebus
698 717 750 755 ad
779 717 927 756 bellum
955 716 1185 769 impulisset,
1213 719 1315 757 curis
1343 719 1479 757 luxum
1504 717 1642 757 obten-

247 778 391 818 debat:
425 772 507 819 non
535 794 670 831 parare
698 794 816 829 arma,
848 795 930 821 non
957 782 1148 833 adloquio
1181 781 1445 834 exercitioque
1474 780 1640 821 militem

247 843 412 892 firmare,
448 857 529 883 non
567 844 608 883 in
646 858 714 884 ore
750 845 856 896 vulgi
891 859 1016 897 agere,
1053 848 1123 887 sed
1161 846 1400 887 umbraculis
1435 847 1640 886 hortorum

209 922 227 954 5
245 907 416 956 abditus,
440 915 481 947 ut
509 908 649 959 ignava
676 909 872 959 animalia,
899 910 1043 961 quibus
1072 911 1103 950 si
1132 911 1267 951 cibum
1296 924 1489 962 suggeras,
1509 910 1640 951 iacent

246 979 493 1023 torpentque,
535 974 741 1024 praeterita
777 974 963 1015 instantia
999 977 1128 1015 futura
1165 975 1248 1026 pari
1290 975 1492 1016 oblivione
1527 973 1640 1015 dimi-

246 1043 358 1076 serat.
416 1044 535 1088 atque
573 1039 683 1078 illum
720 1039 762 1078 in
794 1053 957 1080 nemore
989 1040 1152 1080 Aricino
1184 1040 1364 1081 desidem
1393 1047 1434 1080 et
1466 1052 1640 1096 marcen-

245 1108 326 1140 tem
352 1101 524 1152 proditio
554 1102 693 1142 Lucilii
723 1103 835 1143 Bassi
860 1117 907 1144 ac
933 1104 1104 1144 defectio
1126 1106 1260 1145 classis
1286 1104 1528 1154 Ravennatis
1556 1116 1639 1156 per-

245 1164 365 1214 culit;
392 1179 467 1205 nec
490 1168 616 1206 multo
645 1174 734 1218 post
763 1169 814 1207 de
841 1168 1013 1208 Caecina
1038 1170 1210 1209 adfertur
1233 1169 1376 1209 mixtus
1398 1168 1544 1221 gaudio
1569 1169 1639 1208 do-

190 1244 226 1266 10
245 1230 303 1269 lor
322 1237 361 1268 et
381 1230 593 1270 descivisse
621 1239 660 1271 et
685 1232 737 1271 ab
756 1232 927 1272 exercitu
947 1232 1134 1273 vinctum.
1191 1235 1279 1285 plus
1297 1235 1406 1286 apud
1428 1235 1636 1278 socordem

244 1294 422 1334 animum
449 1295 596 1335 laetitia
616 1309 735 1347 quam
759 1311 852 1337 cura
874 1297 1005 1337 valuit.
1063 1300 1187 1338 multa
1214 1312 1306 1338 cum
1330 1298 1569 1339 exultatione
1594 1298 1636 1337 in

244 1360 382 1399 urbem
412 1367 588 1400 revectus
609 1361 803 1412 frequenti
832 1362 1018 1402 contione
1045 1363 1231 1414 pietatem
1261 1363 1429 1403 militurn
1452 1364 1636 1404 laudibus

242 1426 417 1464 cumulat
430 1439 442 1473 ς
470 1425 683 1464 Publilium
700 1426 890 1466 Sabinum
903 1428 1085 1478 praetorii
1103 1430 1344 1479 praefectum
1357 1430 1411 1469 ob
1422 1427 1635 1468 amicitiam

242 1488 439 1530 Caecinae
457 1489 595 1529 vinciri
612 1490 734 1539 iubet,
757 1491 971 1532 substituto
989 1492 1030 1532 in
1049 1495 1183 1533 locum
1202 1494 1286 1534 eius
1306 1496 1452 1534 Alfeno
1470 1496 1590 1534 Varo.

171 1561 220 1601 37
403 1555 503 1594 Mox
540 1562 720 1594 senatum
758 1557 978 1608 composita
1015 1559 1055 1597 in
1087 1559 1420 1610 magnificentiam
1457 1558 1635 1599 oratione

240 1620 461 1667 adlocutus,
491 1619 692 1670 exquisitis
718 1628 874 1671 patrum
900 1622 1193 1663 adulationibus
1221 1623 1420 1663 attollitur.
1477 1622 1634 1663 initium

240 1683 383 1724 atrocis
412 1684 453 1723 in
480 1684 695 1725 Caecinam
723 1686 942 1726 sententiae
967 1701 991 1726 a
1012 1690 1054 1726 L.
1072 1688 1232 1728 Vitellio
1252 1689 1399 1728 facturn
1413 1703 1425 1738 ς
1452 1688 1547 1728 dein
1573 1702 1635 1728 ce-

241 1748 312 1788 teri
346 1748 567 1800 composita
594 1749 877 1802 indignatione,
905 1754 1014 1803 quod
1043 1754 1181 1792 consul
1209 1767 1290 1793 rem
1319 1752 1531 1804 publicam,
1553 1753 1634 1793 dux

202 1829 218 1859 5
241 1813 527 1864 imperatorem,
558 1815 675 1855 tantis
707 1816 849 1866 opibus
878 1823 937 1857 tot
965 1817 1181 1857 honoribus
1209 1819 1431 1858 cumulatus
1459 1817 1632 1857 amicum

239 1879 487 1929 prodidisset,
521 1881 627 1919 velut
664 1894 736 1932 pro
766 1881 929 1922 Vitellio
965 1890 1263 1934 conquerentes,
1299 1896 1414 1922 suum
1451 1884 1631 1922 dolorem

238 1945 500 1995 proferebant.
576 1947 683 1985 nulla
725 1945 766 1985 in
805 1946 982 1987 oratione
1019 1947 1252 1999 cuiusquam
1288 1961 1380 1999 erga
1423 1947 1631 1987 Flavianos

238 2011 360 2049 duces
390 2010 648 2049 obtrectatio:
676 2024 846 2050 errorem
870 2011 1255 2063 imprudentiamque
1283 2011 1525 2052 exercituum
1553 2012 1631 2051 cul-

238 2082 388 2125 pantes,
409 2074 642 2125 Vespasiani
671 2089 819 2115 nomen
847 2077 1027 2127 suspensi
1056 2085 1095 2116 et
1123 2077 1329 2117 vitabundi
1357 2077 1628 2125 circumibant,

182 2152 219 2175 10
238 2152 312 2178 nec
336 2138 461 2178 defuit
487 2138 555 2189 qui
583 2152 707 2178 unum
734 2142 959 2180 consulatus
986 2141 1092 2181 diem
1113 2140 1163 2193 (is
1189 2141 1295 2181 enim
1315 2141 1356 2180 in
1380 2142 1514 2181 locum
1534 2142 1630 2182 Cae-

240 2253 257 2282 7
281 2242 443 2283 Alpinum
460 2243 490 2280 b,
508 2242 713 2274 Puteolanus

282 2284 343 2325 36.
371 2296 391 2325 4
414 2286 564 2317 firmaret
579 2286 628 2326 M,
649 2297 727 2318 corr.
747 2287 789 2318 M
791 2287 802 2307 ¹
964 2299 984 2328 5
1007 2294 1191 2329 suggerant
1207 2289 1256 2330 M,
1275 2299 1355 2320 corr.
1374 2289 1431 2321 Ml
1606 2290 1627 2320 8

237 2328 378 2369 pertulit
393 2329 441 2369 M,
460 2340 540 2361 corr.
558 2328 600 2360 M
602 2329 628 2369 1,
644 2330 678 2361 in
691 2333 778 2361 textu
794 2333 824 2362 et
836 2331 872 2362 in
889 2333 1043 2373 margine
1238 2343 1277 2372 13
1302 2332 1480 2364 Publilium
1495 2332 1604 2366 Halm
1617 2343 1627 2364 ε

237 2372 412 2413 plubilium
428 2372 477 2412 M,
494 2371 561 2404 coll.
580 2373 613 2404 ii.
630 2383 672 2413 92
808 2383 848 2416 14
870 2374 946 2407 loco
962 2376 1011 2416 M,
1028 2386 1108 2408 corr.
1126 2375 1183 2406 Ml

281 2422 336 2458 37.
358 2426 381 2455 3
405 2417 528 2449 εεῐοῑειὶ
546 2416 594 2458 M,
614 2427 694 2450 corr.
714 2417 755 2449 M
759 2418 770 2437 1
948 2428 968 2458 5
991 2419 1120 2453 amicus
1135 2419 1277 2452 amicum
1293 2419 1413 2452 Meiser
