1748 2826
455 115 864 156 HISTORIARVM
895 115 1068 154 LIBER
1097 116 1117 153 I
1464 115 1484 153 1
1505 122 1557 154 22

77 231 280 272 iuventam
299 228 474 270 Othonis
503 227 822 280 computantium
851 233 1099 279 persuaserat
1125 228 1209 266 fore
1235 232 1279 265 ut
1299 226 1340 265 in
1359 225 1486 277 impe-

75 296 178 336 rium
197 288 493 336 adscisceretur.
552 294 624 334 sed
652 294 763 335 Otho
791 299 997 344 tamquam
1026 291 1165 344 peritia
1191 298 1231 331 et
1257 290 1412 330 monitu
1435 292 1488 330 fa·
1508 302 1546 335 15

76 368 207 402 torum
235 359 440 413 praedicta
464 359 700 411 accipiebat,
719 358 908 410 cupidine
934 357 1082 409 ingenii
1108 356 1274 397 humani
1300 356 1487 396 libentius

75 426 246 466 obscura
282 425 485 465 credendi.
543 438 619 464 nec
656 426 792 464 deerat
831 425 1095 472 Ptolemaeus,
1134 422 1214 462 iam
1252 429 1291 462 et
1329 421 1488 462 sceleris

75 490 294 539 instinctor,
315 491 368 531 ad
388 490 500 542 quod
518 489 704 529 facillime
723 490 775 529 ab
795 489 880 529 eius
899 489 1011 529 modi
1026 495 1125 529 voto
1144 487 1341 528 transitur.

237 557 319 596 Sed
347 555 505 596 sceleris
534 554 721 606 cogitatio
750 554 945 594 incertum
971 567 1023 594 an
1050 567 1218 605 repens:
1260 552 1393 593 studia
1417 552 1488 592 mi-
1506 560 1558 598 23

74 621 190 662 litum
217 620 298 661 iam
325 620 481 672 pridem
510 633 581 671 spe
611 619 873 659 successionis
902 626 971 658 aut
999 627 1137 671 paratu
1168 618 1351 658 facinoris
1380 620 1487 658 adfe-

74 693 259 734 ctaverat‚
293 685 335 724 in
368 684 518 732 itinere,
552 683 593 723 in
626 683 795 735 agmine,
829 684 870 723 in
903 684 1141 724 stationibus
1174 683 1485 723 vetustissimum

74 763 277 803 quemque
305 750 476 790 militum
505 749 670 790 nomine
698 763 846 790 vocans
874 758 922 790 ac
950 750 1143 790 memoria
1171 749 1390 789 Neroniani
1422 763 1486 790 co-

74 817 236 857 mitatus
284 816 581 856 contubernalis
629 816 900 867 appelland03
957 815 1056 855 alios
1101 828 1326 866 agnoscere,
1370 828 1488 867 quos-
1506 830 1524 862 5

74 883 170 923 dam
199 881 398 933 requirere
430 887 471 921 et
508 880 679 932 pecunia
708 888 777 920 aut
813 880 938 932 gratia
974 880 1117 930 iuvare,
1154 880 1367 920 inserendo
1405 893 1487 920 sae-

74 946 163 1000 pius
195 948 378 999 querelas
410 953 451 987 et
482 946 693 997 ambiguos
722 948 774 986 de
805 946 936 986 Galba
966 959 1169 986 sermones
1199 958 1382 997 quaeque
1409 947 1486 986 alia

74 1013 328 1053 turbamenta
345 1012 464 1064 vulgi.
521 1012 678 1052 labores
701 1011 902 1062 itinerum,
920 1011 1057 1063 inopia
1084 1011 1394 1059 commeatuum,
1417 1012 1487 1052 du-

73 1077 163 1118 ritia
189 1077 344 1130 imperii
372 1077 544 1118 atrocius
572 1077 879 1129 accipiebantur,
910 1090 1004 1117 cum
1034 1075 1279 1128 Campaniae
1308 1078 1418 1116 lacus
1446 1084 1486 1117 et

74 1142 252 1183 Achaiae
282 1143 400 1183 urbes
434 1142 628 1182 classibus
660 1143 770 1182 adire
801 1142 906 1182 soliti
940 1144 1187 1193 Pyrenaeum
1221 1148 1261 1181 et
1292 1143 1417 1193 Alpes
1445 1148 1547 1182 etro

73 1207 270 1248 immensa
288 1207 441 1248 viarum
462 1207 589 1259 spatia
607 1220 723 1258 aegre
743 1206 818 1247 sub
838 1206 956 1246 armis
977 1206 1230 1246 eniterentur.

200 1251 513 1325 sffagrantibus
551 1272 632 1312 iam
665 1272 836 1312 militum
869 1271 1013 1312 animis
1046 1273 1154 1312 velut
1184 1273 1290 1312 faces
1322 1272 1487 1313 addide-
1503 1278 1557 1317 24

73 1344 133 1379 rat
165 1339 350 1378 Maevius
380 1339 554 1387 Pudens,
586 1350 610 1378 e
626 1337 831 1390 ,proximis
860 1337 1058 1389 Tigellini.
1115 1337 1148 1377 is
1177 1337 1485 1378 mobilissimum

73 1415 277 1455 quemque
303 1402 466 1455 ingenio
497 1409 567 1442 aut
594 1401 789 1454 pecuniae
819 1402 999 1454 indigum
1031 1409 1070 1443 et
1103 1402 1144 1442 in
1177 1416 1301 1443 novas
1335 1403 1486 1456 cupidi-

73 1475 175 1510 tates
207 1468 466 1521 praecipitem
498 1468 726 1509 adliciendo
764 1481 814 1508 eo
851 1467 1041 1520 paulatim
1079 1481 1307 1520 progressus
1345 1476 1405 1509 est
1441 1476 1487 1509 ut

72 1547 144 1587 per
175 1535 351 1587 speciem
381 1533 565 1583 convivii,
600 1532 786 1585 quotiens
816 1533 947 1574 Galba
979 1534 1087 1585 apud
1119 1534 1325 1575 Othonem
1355 1536 1487 1586 epula·
1506 1547 1525 1580 5

73 1607 190 1648 retur,
220 1599 376 1641 cohorti
406 1599 593 1640 excubias
621 1598 754 1651 agenti
781 1598 926 1639 viritim
954 1606 1146 1639 centenos
1174 1612 1362 1639 nummos
1391 1600 1488 1640 divi-

73 1665 214 1715 deret3
251 1677 375 1716 quam
404 1665 513 1704 velut
542 1664 747 1715 publicam
777 1663 1027 1715 largitionem
1060 1664 1172 1705 Otho
1210 1665 1486 1705 secretioribus

73 1730 184 1782 apud
215 1729 394 1781 singulos
425 1728 612 1781 praemiis
644 1728 889 1778 intendebat,
916 1731 1020 1769 adeo
1047 1729 1252 1770 animosus
1280 1738 1486 1782 corruptor

73 1801 118 1835 ut
148 1794 324 1836 Cocceio
355 1795 527 1835 Pmculo
557 1795 807 1845 speculatori,
835 1795 887 1834 de
917 1801 1028 1846 parte
1061 1794 1202 1833 finium
1230 1807 1322 1834 cum
1352 1795 1486 1836 vicino

73 1858 302 1912 ambigenti,
322 1858 552 1899 universum
571 1858 691 1898 vicini
714 1872 852 1910 agrum
880 1871 951 1898 sua
970 1859 1140 1910 pecunia
1165 1866 1346 1911 emptum
1374 1861 1486 1901 dono
1507 1871 1548 1895 10

74 1923 240 1973 dederit,
274 1937 347 1977 per
383 1923 611 1965 socordiam
649 1924 848 1976 praefecti,
879 1937 1001 1975 quern
1034 1931 1130 1964 nota
1163 1924 1307 1976 pariter
1344 1932 1384 1964 et
1421 1938 1486 1966 oc-

74 1990 181 2030 culta
207 1982 462 2056 fallebar&

237 2055 318 2095 Sed
351 2061 439 2095 tum
467 2067 491 2095 e
518 2053 670 2094 libertis
701 2054 970 2095 Onomastum
1004 2056 1136 2095 futuro
1169 2055 1307 2095 sceleri
1337 2057 1485 2107 praese·
1503 2066 1556 2107 25

73 2118 138 2169 cit,
172 2133 199 2160 a
228 2133 310 2172 quo
345 2121 537 2161 Barbium
576 2122 791 2160 Proculum
830 2120 1078 2161 tesserarium
1118 2122 1411 2172 speculatorum
1444 2129 1484 2162 et

77 2232 117 2265 1⁷
139 2222 305 2256 credendi
320 2221 487 2255 Pia-hena:
510 2221 614 2265 creldi
630 2222 673 2255 M

118 2273 178 2308 23.
204 2276 226 2307 3
242 2266 277 2299 in
293 2266 417 2299 itinere
435 2271 469 2299 et
485 2267 622 2308 agmine
639 2267 721 2299 com‘.
735 2265 939 2309 Nipperdey:
972 2267 1007 2299 in
1024 2267 1149 2299 itinere
1159 2266 1290 2299 seclusit
1301 2266 1487 2311 Valmaggi

73 2309 96 2342 8
119 2310 237 2352 inopia
250 2309 295 2342 M
428 2321 470 2343 10
491 2321 682 2352 pyreneum
699 2310 742 2342 M

117 2354 366 2430 24ffi²animis
380 2353 421 2386 M
427 2353 439 2375 ¹
456 2365 464 2387 :
488 2354 638 2387 animum
654 2353 697 2386 M
847 2365 866 2386 2
890 2354 1028 2396 tigillini
1045 2354 1088 2386 M
1242 2364 1262 2395 5
1286 2355 1397 2388 convii
1433 2355 1481 2396 M,

74 2407 156 2432 corr.
