1748 2826
0 0 191 61 ww„
223 22 227 23 ⁷
286 0 288 2 ,

14 56 22 76 ,q

485 135 890 175 HISTORIARVM
922 135 1095 174 LIBER
1127 137 1169 174 II
1485 138 1528 175 II
1547 145 1573 186 7

121 247 209 290 aliis
240 243 390 302 placuit
422 247 630 300 expectari.
692 247 800 287 bello
833 246 938 287 civili
971 246 1140 287 victores
1173 247 1381 298 victosque
1418 261 1531 287 num-

120 321 243 366 quam
275 312 404 354 solida
431 313 512 353 fide
539 313 774 361 coalescere,
804 325 878 352 nec
907 314 1050 352 referre
1079 311 1285 352 Vitellium
1319 326 1371 351 an
1407 313 1532 353 Otho-

119 376 214 419 nem
239 377 492 430 superstitem
519 379 678 417 fortuna
704 379 860 417 faceret.
920 378 1038 417 rebus
1068 377 1255 417 secundis
1283 378 1401 417 etiam
1428 391 1532 429 egre-

117 443 205 497 gios
250 445 376 484 duces
423 443 686 483 insolescere:
734 441 934 482 discordia
986 442 1121 481 militis
1174 442 1330 493 ignavia
1379 443 1531 483 luxurie
1551 458 1569 490 5

118 515 159 550 et
195 508 362 550 suismet
394 508 497 549 vitiis
535 509 702 548 alterum
740 507 860 556 bello,
893 508 1061 547 alterum
1095 507 1260 548 victoria
1296 508 1527 560 periturum.

117 573 236 626 igitur
262 587 372 615 arma
406 573 447 614 in
476 573 731 614 occasionem
761 573 965 622 distulere,
993 573 1265 624 Vespasianus
1301 574 1530 614 Mucianus-

114 636 196 692 que
236 653 376 692 nuper,
419 639 539 679 ceteri
582 638 678 678 olim
722 638 854 678 mixtis
894 637 1097 687 consiliis3
1141 639 1316 690 optimus
1360 639 1530 691 quisque

114 715 251 746 amore
288 705 344 746 rei
381 705 577 758 publicae,
612 706 760 744 multos
795 705 970 744 dulcedo
1008 706 1245 755 praedarum
1286 705 1525 754 stimulabat,

113 771 215 811 alios
241 770 453 823 ambiguae
485 770 598 810 domi
632 783 717 810 res:
757 771 811 809 ita
845 769 942 809 boni
976 769 1151 821 malique
1186 770 1315 810 causis
1349 770 1525 820 diversis,
1551 785 1591 807 ιο

113 837 249 876 studio
267 836 364 889 pari,
386 836 537 876 bellum
557 849 699 875 omnes
720 834 948 886 cupiebant.

278 901 363 942 Sub
390 901 498 940 idem
529 907 688 952 tempus
717 899 871 939 Achaia
901 907 1023 951 atque
1057 899 1156 939 Asia
1187 901 1287 940 falso
1321 901 1526 941 exterritae
1545 901 1571 939 8

112 968 221 1007 velut
250 968 360 1007 Nero
388 968 632 1015 adventaret,
663 965 774 1005 vario
803 978 921 1016 super
950 964 1056 1004 exitu
1087 964 1172 1005 eius
1201 979 1361 1006 rumore
1395 980 1526 1018 eoque

112 1033 292 1086 pluribus
321 1031 452 1072 vivere
491 1045 584 1071 eum
618 1030 861 1081 fingentibus
895 1030 1244 1082 credentibusque.
1303 1039 1525 1071 ceterorum

112 1112 228 1138 casus
257 1105 507 1149 conatusque
535 1096 576 1135 in
604 1103 794 1135 contextu
823 1097 954 1147 operis
982 1095 1192 1136 dicemus:
1222 1103 1318 1136 tunc
1348 1111 1482 1136 servus
1502 1111 1525 1136 e

112 1165 245 1204 Ponto
273 1162 367 1212 sive,
393 1170 438 1202 ut
465 1161 531 1202 alii
561 1161 772 1210 tradidere,
805 1161 1014 1201 libertinus
1044 1175 1092 1201 ex
1122 1162 1248 1210 Italia,
1281 1162 1455 1202 citharae
1484 1170 1524 1202 et
1543 1177 1562 1210 5

109 1236 253 1269 cantus
281 1227 441 1280 peritus,
474 1228 584 1267 unde
614 1226 670 1266 illi
697 1240 817 1278 super
842 1226 1146 1266 similitudinem
1180 1227 1258 1266 oris
1286 1227 1446 1279 propior
1471 1229 1523 1267 ad

109 1294 329 1335 fallendum
366 1294 478 1342 fides,
519 1292 718 1333 adiunctis
756 1291 1036 1340 desertoribus,
1084 1305 1186 1343 quos
1229 1292 1365 1344 inopia
1402 1307 1522 1344 vagos

108 1360 338 1413 ingentibus
365 1358 570 1412 promissis
599 1365 838 1410 corruperat,
870 1371 979 1397 mare
1007 1357 1226 1410 ingreditur
1240 1374 1251 1408 ;
1279 1373 1326 1398 ac
1355 1359 1394 1398 vi
1422 1366 1521 1398 tem-

108 1433 308 1479 pestatum
337 1426 542 1477 Cythnum
571 1425 743 1464 insulam
773 1425 956 1463 detrusus
986 1430 1026 1463 et
1056 1423 1227 1463 militum
1255 1426 1452 1475 quosdam
1474 1439 1522 1464 ex

108 1491 275 1532 Oriente
303 1490 617 1531 commeantium
651 1489 819 1529 adscivit
853 1490 916 1529 vel
946 1489 1161 1528 abnuentis
1195 1489 1364 1529 interfici
1395 1490 1518 1539 iussit,
1543 1504 1584 1527 10

107 1563 147 1597 et
175 1556 353 1609 spoliatis
380 1555 696 1608 negotiatoribus
726 1554 1018 1606 mancipiorum
1039 1554 1354 1594 valentissimum
1385 1570 1520 1607 quern-

107 1636 187 1675 que
216 1621 394 1662 armavit.
452 1620 810 1672 centurionemque
840 1620 1050 1660 Sisennam
1080 1622 1250 1669 dextras,
1279 1622 1519 1662 concordiae

106 1687 289 1740 insignia,
323 1686 471 1739 Syriaci
504 1686 698 1727 exercitus
737 1685 903 1726 nomine
933 1687 986 1726 ad
1017 1685 1290 1738 praetorianos
1325 1688 1517 1728 ferentem

105 1753 222 1793 variis
251 1752 402 1792 artibus
434 1753 644 1804 adgressus
675 1759 746 1800 est,
783 1752 915 1791 donec
958 1751 1126 1791 Sisenna
1157 1753 1261 1791 clam
1292 1752 1429 1793 relicta
1462 1754 1518 1792 in-

105 1819 192 1858 sula'.
228 1817 407 1870 trepidus
445 1825 485 1857 et
515 1817 597 1857 vim
628 1824 812 1856 metuens
846 1818 1062 1868 aufugeret.
1123 1817 1218 1857 inde
1258 1819 1337 1858 late
1369 1826 1516 1859 terror:
1540 1835 1579 1868 15

105 1883 219 1924 multi
239 1884 292 1923 ad
311 1882 582 1923 celebritatem
604 1882 779 1921 nominis
800 1882 920 1921 erecti
947 1896 1076 1922 rerum
1102 1896 1296 1923 novarum
1326 1884 1516 1935 cupidine

103 1956 144 1989 et
158 1948 255 1990 odio
274 1947 554 2000 praesentium.
613 1947 848 1998 gliscentem
869 1947 910 1985 in
930 1947 1016 1987 dies
1036 1949 1183 1987 samam
1205 1950 1284 1988 sors
1297 1949 1493 1990 discussit.

149 2083 181 2119 7.
206 2087 226 2108 2
250 2075 342 2108 bello
365 2076 455 2108 civili
471 2075 650 2108 Heinisch:
684 2075 776 2107 bellu
803 2075 907 2115 (bellu
929 2075 1112 2107 secundum
1134 2076 1319 2118 quosdam)
1337 2083 1378 2108 cu
1404 2077 1443 2108 In
1461 2078 1511 2118 M,

104 2125 152 2158 est
175 2120 265 2152 Iocus
288 2120 474 2152 evanidus:
497 2120 577 2151 belli
602 2120 731 2151 exitum
748 2119 917 2151 Pichena:
940 2120 1064 2151 bellum
1094 2131 1194 2152 ruere
1211 2121 1244 2151 in
1268 2120 1410 2153 Mez'scr:
1433 2122 1512 2153 belli

105 2165 238 2197 initium
263 2159 410 2196 Purser:
445 2164 581 2196 bellum.
644 2163 799 2195 Victores
837 2164 928 2195 enim
962 2164 1139 2204 victosque
1175 2165 1363 2206 Valmaggi
1491 2176 1511 2205 3

104 2208 215 2240 solida
230 2207 272 2240 M
276 2208 286 2226 ¹
304 2219 312 2239 :
335 2207 476 2240 solidam
495 2207 535 2238 M
661 2216 681 2247 5
704 2207 877 2239 discordia
901 2207 1020 2239 militis
1043 2208 1181 2248 ignavia
1198 2209 1332 2239 luxurie
1350 2209 1511 2251 Madmgr:

104 2251 308 2285 discordiam
326 2252 381 2283 his
398 2252 570 2292 ignaviam
589 2251 722 2293 luxurie
740 2252 896 2291 (fortasse
910 2251 1061 2293 luxurie)
1081 2252 1128 2292 M,
1149 2256 1197 2284 est
1211 2253 1303 2284 locus
1324 2253 1487 2284 evanidus
1505 2265 1512 2284 ε

105 2296 308 2328 discordiam
327 2296 380 2327 his
396 2296 563 2335 ignaviam
586 2295 754 2327 luxuriem
769 2307 778 2335 ;
800 2296 901 2337 vulgo

147 2338 184 2373 8.
206 2341 229 2371 6
252 2340 393 2380 pronior
415 2339 603 2371 Heinsius:
637 2339 828 2380 promptior
850 2339 1058 2371 Frer‘nsher‘m
1238 2350 1276 2381 15
1301 2341 1457 2381 asugerct
1473 2340 1512 2371 M

107 2386 148 2416 16
171 2383 286 2416 multis
300 2383 376 2416 dett.
468 2383 674 2426 celebriltem
690 2382 733 2414 M
817 2384 924 2416 erecti
947 2384 1197 2416 Weissenborn:
1220 2385 1346 2416 erectis
1362 2385 1405 2416 M
