1748 2826
455 163 864 204 HISTORIARVM
894 163 1070 202 LIBER
1101 163 1161 201 Ν
1452 162 1514 200 1v
1531 169 1592 210 49

107 282 366 328 sumptuosae
400 274 696 316 adulescentiae
732 287 866 326 neque
904 274 1064 315 modica
1101 274 1266 326 cupiens
1303 281 1344 315 et
1375 274 1514 315 adfini-

107 346 189 381 tate
209 339 360 381 Vitellii
384 339 537 381 anxius.
594 340 627 380 is
655 339 804 380 crebris
832 339 1086 380 sermonibus
1120 338 1424 391 temptaveritne
1453 338 1515 378 Pi-

107 416 248 446 sonem
267 406 321 446 ad
347 418 408 446 res
428 418 552 446 novas
572 419 624 445 an
643 404 854 457 temptanti
874 405 1069 453 restiterit,
1091 404 1298 453 incertum,
1321 405 1514 456 quoniam

106 475 262 511 secreto
286 483 425 511 eorum
444 484 566 511 nemo
591 470 728 520 adfuit,
752 477 792 511 et
817 470 954 510 occiso
984 471 1130 510 Pisone
1154 469 1333 522 plerique
1361 471 1414 510 ad
1433 483 1517 521 gra·
1534 483 1552 516 5

106 535 203 577 tiam
235 534 497 578 interfectoris
530 535 779 576 inclinavere.
838 549 915 576 nec
948 535 1163 588 ambigitur
1195 535 1442 587 provinciam
1475 543 1517 576 et

65 637 67 643 .
105 601 276 644 militem
294 604 470 644 alienato
495 616 587 656 erga
612 601 906 655 Vespasianum
932 602 1071 643 animo
1103 601 1250 652 fuisse3
1281 609 1321 642 et
1350 601 1515 654 quidam

104 681 130 709 e
146 667 372 710 Vitellianis
400 668 500 709 urbe
517 667 674 721 profugi
702 668 960 708 ostentabant
986 666 1125 708 Pisoni
1153 667 1330 707 nutantis
1351 666 1514 717 Gallias,

37 767 42 772 .
103 741 285 787 paratam
311 734 582 784 Germaniam,
615 734 791 787 pericula
821 733 946 786 ipsius
977 741 1016 774 et
1044 733 1087 774 in
1115 747 1214 786 pace
1242 741 1430 786 suspecto
1458 740 1518 773 tu-

11 834 37 854 ,
105 798 185 841 tius
209 799 374 841 bellurn.
429 799 532 840 inter
550 813 655 852 quae
679 798 875 841 Claudius
899 798 1062 851 Sagitta,
1085 801 1306 852 praefectus
1331 800 1420 840 alae
1446 801 1517 839 Pe-
1537 811 1577 834 10

35 910 38 913 ,
105 865 267 915 trianae,
306 879 496 919 prospera
534 865 787 916 navigatione
829 864 1034 918 praevenit
1074 865 1276 916 Papirium
1318 864 1517 905 centurio-

35 928 37 930 *
103 938 199 974 nem
220 945 247 973 a
265 932 462 973 Muciano
484 932 662 980 missum,
684 931 1012 984 adseveravitque
1036 932 1225 971 mandata
1250 930 1516 971 interficiendi

105 996 263 1039 Pisonis
295 997 520 1039 centurioni
551 999 668 1038 data:
708 997 903 1038 cecidisse
937 997 1197 1039 Galerianum
1227 997 1515 1037 consobrinum

104 1062 191 1104 eius
220 1077 494 1116 generumque
506 1078 519 1113 3
560 1077 683 1103 unam
716 1065 758 1103 in
789 1064 957 1103 audacia
995 1077 1108 1115 spem
1146 1064 1295 1111 salutis,
1327 1064 1400 1103 sed
1433 1064 1516 1104 duo

103 1128 246 1170 itinera
276 1129 464 1179 audendi,
501 1143 572 1169 seu
605 1130 740 1169 mallet
774 1128 907 1169 statim
938 1142 1058 1178 arma,
1090 1142 1160 1169 seu
1189 1130 1314 1180 petita
1347 1129 1516 1169 navibus
1538 1140 1578 1175 15

103 1194 238 1236 Gallia
264 1195 412 1237 ducem
446 1208 490 1235 se
519 1193 743 1235 Vitellianis
770 1193 1006 1234 exercitibus
1037 1195 1277 1235 ostenderet.
1336 1194 1435 1234 nihil
1463 1196 1516 1235 ad

103 1273 152 1302 ea
182 1267 296 1301 moto
325 1261 484 1310 Pisone,
514 1259 694 1300 centurio
718 1273 743 1301 a
765 1259 960 1300 Muciano
987 1259 1142 1309 missus,
1165 1267 1209 1300 ut
1235 1267 1395 1312 portum
1423 1262 1517 1302 Car-

103 1323 275 1377 thaginis
292 1323 434 1376 attigit,
454 1336 599 1375 magna
617 1335 718 1365 voce
743 1324 847 1364 laeta
866 1323 1003 1363 Pisoni
1023 1324 1159 1363 omnia
1185 1330 1390 1376 tamquam
1414 1323 1517 1377 prin-

103 1389 184 1443 cipi
216 1390 463 1440 continuase,
498 1390 640 1431 obvios
670 1396 714 1432 et
747 1389 903 1431 subitae
936 1390 992 1429 rei
1023 1388 1216 1430 miraculo
1248 1391 1441 1431 attonitos
1472 1397 1516 1430 ut

105 1456 248 1497 eadem
284 1457 558 1508 adstreperent
596 1456 755 1496 hortari.
813 1457 953 1507 vulgus
992 1456 1201 1495 credulum
1239 1468 1353 1497 ruere
1390 1456 1431 1495 in
1463 1457 1517 1496 fo-
1539 1472 1580 1495 20

104 1534 204 1570 rum,
235 1521 500 1574 praesentiam
532 1520 689 1562 Pisonis
721 1534 935 1573 exposcere
949 1535 960 1570 ;
1006 1520 1156 1573 gaudio
1193 1521 1516 1574 clamoribusque

104 1594 252 1628 cuncta
277 1587 510 1635 miscebant,
533 1586 783 1639 indiligentia
801 1586 884 1627 veri
907 1593 947 1627 et
965 1587 1158 1627 adulandi
1185 1586 1362 1628 libidine.
1422 1588 1516 1628 Piso

61 1694 63 1699 ,
104 1652 254 1694 indicio
286 1652 461 1705 Sagittae
488 1654 549 1693 vel
582 1652 700 1693 insita
730 1651 930 1693 modestia
966 1665 1050 1691 non
1081 1651 1123 1691 in
1153 1653 1361 1705 publicum
1392 1667 1518 1705 egres-

104 1732 173 1759 sus
197 1726 258 1759 est
283 1731 417 1771 neque
438 1732 482 1760 se
510 1718 652 1759 studiis
677 1717 785 1771 vulgi
813 1717 1014 1770 permisit:
1049 1718 1405 1770 centurionemque
1434 1733 1518 1771 per-

104 1792 302 1833 contatus,
334 1792 548 1837 postquam
579 1785 806 1836 quaesitum
840 1783 916 1824 sibi
948 1785 1098 1825 crimen
1130 1786 1378 1837 caedemque
1411 1799 1518 1826 com·
1538 1802 1553 1825 2
1560 1802 1578 1835 5

20 1847 22 1849 ’
55 1883 58 1886 .
103 1849 217 1903 perit,
237 1850 498 1892 animadverti
517 1851 559 1891 in
583 1864 676 1891 eum
702 1849 827 1899 iussit,
850 1851 959 1890 haud
984 1850 1151 1902 perinde
1175 1864 1246 1902 spe
1266 1850 1369 1891 vitae
1395 1865 1517 1903 quam

103 1915 162 1956 ira
186 1916 228 1956 in
258 1930 544 1969 percussorem,
566 1918 678 1969 quod
705 1916 814 1958 idem
842 1930 889 1956 ex
919 1915 1238 1956 interfectoribus
1268 1916 1402 1958 Clodii
1432 1918 1518 1956 Ma-

103 1983 160 2022 cri
198 1989 382 2023 cruentas
419 1981 538 2034 legati
575 1981 768 2033 sanguine
799 1995 942 2022 manus
973 1983 1025 2021 ad
1064 1983 1230 2022 caedem
1269 1982 1517 2033 proconsulis

104 2047 330 2088 rettulisset.
387 2047 507 2089 anxio
531 2047 682 2089 deinde
711 2047 846 2088 edicto
876 2046 1272 2099 Carthaginiensibus
1302 2047 1516 2100 increpitis,

104 2126 157 2154 ne
187 2113 302 2154 solita
325 2112 490 2166 quidem
519 2113 657 2154 munia
684 2114 911 2165 usurpabat,
945 2115 1102 2154 clausus
1132 2114 1235 2154 intra
1260 2114 1441 2163 domum,
1466 2127 1518 2154 ne
1538 2129 1580 2161 30

45 2185 47 2191 ’
104 2192 186 2231 qua
204 2185 337 2219 motus
357 2177 451 2219 novi
470 2192 591 2219 causa
609 2180 671 2219 vel
692 2181 791 2220 forte
811 2186 997 2219 oreretur.

105 2293 126 2316 2
149 2294 304 2326 cupuens
320 2282 364 2315 M
437 2283 488 2326 et]
508 2284 568 2316 sed
585 2283 642 2325 aL,
663 2283 702 2315 M
706 2283 719 2305 ²
737 2283 822 2316 linea
840 2288 951 2316 tamen
962 2283 1121 2324 perducta
1211 2286 1232 2316 8
1256 2285 1452 2317 ostentabat
1467 2284 1517 2324 M,
1579 2289 1585 2296 '

105 2337 188 2361 corr.
203 2327 247 2360 Μ
249 2327 260 2348 ¹
351 2338 374 2368 9
395 2334 558 2368 suspecto
578 2327 758 2360 Victorius:
782 2327 999 2369 susceptoM
1089 2339 1129 2361 10
1154 2328 1336 2361 Petrianae
1346 2328 1519 2370 Backing:

104 2371 262 2412 petrinae
279 2371 330 2412 M,
345 2370 414 2404 coll.
431 2371 452 2403 i.
472 2382 515 2412 70
621 2382 657 2404 11
676 2381 823 2413 propera
839 2371 1005 2413 Pluygers
1112 2382 1150 2412 13
1174 2373 1307 2405 cedisse
1325 2373 1368 2404 M
1480 2382 1518 2412 14

104 2415 278 2448 audaciam
297 2415 341 2447 M
443 2424 481 2456 15
497 2416 658 2448 audiendi
677 2415 720 2447 M
831 2417 871 2448 16
894 2416 1105 2455 ostenderet,
1125 2416 1210 2448 nihil
1227 2440 1235 2448 .
1256 2440 1263 2449 .
1282 2441 1290 2449 .
1312 2416 1449 2449 Pisone.
1468 2415 1517 2448 di-

104 2459 293 2492 stmxerunt
298 2459 442 2501 plerique
457 2459 528 2492 edd.
625 2461 664 2491 18
688 2461 802 2492 omina
817 2459 1003 2500 Acidalius,
1014 2459 1124 2491 Halm
1214 2471 1254 2491 21
1276 2459 1515 2502 exposcerent}

105 2501 155 2543 M,
170 2513 249 2536 corr.
269 2502 310 2535 M
314 2502 326 2524 ¹
417 2512 460 2535 22
483 2502 555 2535 veri
570 2502 760 2536 Rhenanus
776 2514 784 2535 z
807 2502 869 2535 viri
887 2503 929 2535 M
