1748 2826
455 381 812 433 CORNELII
860 384 1117 434 TACITI

416 508 524 565 HI
548 508 732 565 STO
755 508 929 563 RIA
950 508 1160 564 RVM

663 653 837 693 LIBER
870 654 910 692 V

243 775 442 816 Ervsmm
478 774 576 817 anni
613 775 810 828 principio
844 776 993 817 Caesar
1026 777 1153 825 Titus,
1191 778 1492 829 perdomandae
1510 781 1530 811 1

79 841 256 884 Iudaeae
293 840 473 884 delectus
504 854 530 883 a
559 849 670 895 patre
701 849 741 882 et
771 841 932 894 privatis
961 842 1168 895 utriusque
1200 844 1320 884 rebus
1351 843 1493 884 militia

77 907 219 958 clarus,
238 908 391 949 maiore
415 914 503 948 tum
527 906 568 948 vi
594 909 783 959 famaque
815 907 970 959 agebat,
1000 907 1246 948 certantibus
1273 907 1492 960 provincia-

76 984 164 1014 rum
195 979 237 1014 et
267 973 514 1014 exercituum
550 971 704 1013 studiis.
762 978 885 1024 atque
923 971 1018 1024 ipse,
1056 980 1099 1012 ut
1133 986 1251 1024 super
1290 974 1490 1014 fortunam

76 1039 314 1088 crederetur,
346 1039 539 1080 decorum
571 1051 616 1079 se
648 1044 961 1090 promptumque
998 1037 1041 1077 in
1078 1037 1197 1077 armis
1236 1037 1486 1088 ostendebat,
1509 1054 1530 1089 5

76 1103 266 1144 comitate
302 1110 343 1144 et
384 1102 585 1156 adloquiis
631 1102 763 1144 officia
809 1115 1032 1155 provocans
1079 1115 1127 1143 ac
1174 1104 1410 1156 plerumque
1448 1106 1488 1144 in

76 1181 208 1222 opere,
248 1168 291 1210 in
326 1169 487 1222 agmine
527 1168 706 1221 gregario
748 1167 864 1208 militi
908 1167 1065 1217 mixtus,
1107 1167 1336 1220 incorrupto
1375 1170 1489 1210 ducis

76 1235 241 1275 honore.
298 1241 378 1276 tres
406 1248 499 1275 eum
535 1235 578 1274 in
607 1235 760 1275 Iudaea
793 1233 982 1286 legiones,
1018 1233 1158 1286 quinta
1190 1241 1231 1274 et
1259 1234 1416 1275 decima
1449 1243 1489 1276 et

0 1327 5 1331 »
75 1299 217 1352 quinta
247 1299 417 1349 decima,
448 1306 562 1340 vetus
591 1298 828 1351 Vespasiani
863 1299 988 1347 miles,
1021 1312 1223 1351 excepere.
1280 1300 1437 1340 addidit
1466 1314 1489 1341 e

75 1364 187 1417 Syria
218 1365 502 1406 duodecimam
540 1371 581 1406 et
617 1365 815 1405 adductos
854 1364 1095 1405 Alexandria
1133 1364 1490 1406 duoetvicensima·
1511 1383 1551 1406 ro

75 1443 150 1471 nos
178 1431 478 1483 tertianosque3
515 1428 810 1471 comitabantur
839 1429 976 1483 viginti
1006 1430 1138 1470 sociae
1166 1431 1362 1480 cohortes,
1394 1439 1488 1472 octo

75 1496 257 1548 equitum
289 1496 388 1546 alae,
421 1495 540 1537 simul
569 1496 747 1549 Agrippa
782 1497 1085 1547 Sohaemusque
1123 1508 1233 1547 reges
1272 1503 1311 1536 et
1343 1496 1488 1537 auxilia

74 1561 178 1615 regis
206 1561 399 1603 Antiochi
427 1562 640 1615 validaque
668 1570 708 1603 et
737 1561 855 1603 solito
886 1561 987 1602 inter
1016 1563 1173 1602 accolas
1204 1563 1300 1602 odio
1333 1563 1488 1603 insensa

75 1626 239 1670 Iudaeis
268 1628 449 1668 Arabum
489 1642 643 1677 manus,
677 1627 792 1668 multi
831 1641 933 1679 quos
972 1627 1070 1667 urbe
1106 1634 1228 1678 atque
1268 1627 1383 1667 Italia
1416 1642 1488 1668 sua

73 1706 279 1747 quemque
302 1706 396 1746 spes
423 1693 619 1734 acciverat
646 1694 872 1745 occupandi
901 1691 1121 1745 principem
1148 1694 1282 1732 adhue
1301 1706 1483 1734 vacuum.
1509 1705 1547 1740 15

73 1759 136 1801 his
173 1773 268 1800 cum
306 1759 432 1813 copiis
471 1759 562 1800 finis
599 1759 776 1801 hostium
815 1759 1014 1811 ingressus
1052 1758 1277 1810 composito
1314 1759 1484 1811 agmine,

73 1832 221 1867 cuncta
252 1827 463 1879 explorans
502 1833 742 1879 paratusque
773 1827 999 1874 decernere,
1033 1826 1142 1866 haud
1173 1826 1311 1877 procul
1343 1825 1486 1867 Hiero-

73 1892 236 1944 solymis
256 1899 384 1933 castra
403 1891 508 1932 facit.

238 1958 318 1998 Sed
347 1958 537 2010 quoniam
566 1958 742 1998 famosae
772 1957 880 1998 urbis
909 1969 1139 2008 supremum
1169 1956 1276 1997 diem
1306 1957 1484 1997 tradituri
1503 1964 1529 1993 2

74 2036 224 2072 sumuS,
247 2037 471 2076 congruens
492 2024 647 2064 videtur
667 2024 883 2076 primordia
903 2025 987 2064 eius
1007 2022 1170 2074 aperire.

129 2089 305 2130 Iudaeos
335 2090 455 2130 Creta
486 2088 615 2130 insula
645 2091 833 2142 profugos
865 2088 1081 2129 novissima
1113 2087 1263 2140 Libyae
1292 2087 1486 2129 insedisse

119 2201 146 2228 1.
170 2204 190 2226 2
213 2194 358 2236 privatis
370 2194 577 2228 Rhenanus:
606 2194 706 2237 'platis
723 2195 767 2228 M
925 2206 946 2236 4
971 2194 1012 2227 ab
1028 2199 1132 2235 atque
1150 2193 1225 2235 ipse
1241 2205 1345 2235 usque
1361 2193 1409 2225 ad
1421 2194 1485 2226 sibi

74 2238 139 2280 ipsi
155 2248 257 2279 reges
275 2249 303 2271 c.
321 2240 353 2272 8.
377 2248 417 2270 12
434 2239 613 2271 evanidam
631 2240 746 2272 codicis
761 2239 960 2282 scripturam
977 2238 1203 2280 superscripsit
1216 2237 1259 2269 M
1261 2237 1275 2257 ²
1382 2248 1487 2278 super

74 2282 245 2315 fortunam
263 2281 402 2324 Lipsius
419 2294 426 2314 :
449 2283 618 2324 superiori
635 2294 735 2316 unam
756 2284 798 2315 M
952 2294 993 2315 10
1015 2283 1182 2315 abductos
1197 2281 1257 2314 det.
1349 2281 1486 2312 alexan-

74 2325 191 2369 driamfl
211 2325 261 2366 M,
279 2336 358 2359 corr.
378 2325 420 2358 M
422 2325 435 2347 ¹
557 2327 896 2360 duoetvicensimam
914 2327 956 2358 M
1134 2336 1172 2365 14
1196 2324 1361 2366 multique
1377 2324 1486 2357 Halm

73 2380 118 2402 ex
133 2369 217 2402 urbe
233 2369 416 2412 Nipperdey
549 2380 587 2410 17
611 2371 852 2414 hierulsolimis
867 2371 911 2402 M

118 2420 152 2447 2.
181 2423 196 2444 1
221 2415 242 2456 ξ
258 2413 302 2445 Μ
451 2424 472 2446 2
495 2425 643 2458 congrue
661 2415 712 2455 M,
729 2426 770 2448 ns
786 2420 945 2457 superscr.
966 2414 1009 2446 M
1012 2412 1023 2434 ¹

117 2467 192 2490 τΑσ.
213 2467 304 2492 msr.
1359 2457 1400 2487 17
