1748 2826
485 137 895 178 HISTORIARVM
927 139 1101 177 LIBER
1132 139 1193 178 IV
1487 142 1619 191 IV54

135 248 292 293 bantur.
335 249 423 290 *sed
447 249 546 289 nihil
570 262 701 301 aeque
724 262 846 301 quarn
872 249 1105 290 incendium
1133 251 1331 304 Capitolii,
1354 260 1397 292 ut
1424 254 1546 295 finem

133 312 304 366 imperio
322 314 465 354 adesse
483 314 701 363 crederent,
724 315 945 366 impulerat.
1005 323 1162 367 captam
1183 317 1279 356 olim
1299 331 1323 357 a
1343 318 1467 358 Gallis
1487 332 1547 358 ur-

134 377 240 427 bem,
271 378 344 419 sed
369 377 523 431 integra
551 379 660 419 Iovis
682 380 780 420 sede
808 379 1002 420 mansisse
1029 380 1266 433 imperium:
1300 383 1409 423 fatali
1438 397 1547 424 nunc
1567 397 1607 421 10

131 443 227 496 igne
266 443 427 496 signum
468 444 650 485 caelestis
693 445 773 486 irae
812 447 952 486 datum
990 453 1030 486 et
1077 448 1373 498 possessionem
1414 463 1545 490 rerum

131 509 399 551 humanarum
425 510 698 565 Transalpinis
721 512 908 564 gentibus
927 513 1115 564 portendi
1141 514 1423 566 superstitione
1444 530 1546 557 vana

131 574 313 616 Druidae
345 577 557 618 canebant.
614 577 910 630 incesseratque
948 579 1056 618 fama
1093 579 1286 631 primores
1325 582 1545 622 Galliarum

129 641 182 680 ab
212 642 379 684 Othone
411 644 601 683 adversus
626 643 833 683 Vitellium
862 643 1018 694 missos,
1047 652 1266 696 antequam
1296 646 1546 698 digrederen-

130 714 204 755 tur,
243 707 444 760 pepigisse
482 722 534 748 ne
571 710 758 749 deessent
796 709 982 760 libertati,
1012 708 1047 751 si
1079 712 1275 763 populum
1310 714 1544 753 Romanum
1567 726 1607 758 15

129 774 323 815 continua
340 773 518 814 civilium
538 774 734 814 bellorum
755 774 875 815 series
895 783 934 816 et
953 775 1111 817 interna
1132 778 1238 816 mala
1256 777 1476 829 fregissent.

293 842 402 881 Ante
442 839 576 880 Flacci
618 841 846 882 Hordeonii
889 842 1057 882 caedem
1101 841 1201 881 nihil
1243 843 1424 896 prorupit
1462 858 1545 896 quo
1564 854 1616 896 55

129 905 355 948 coniuratio
384 906 703 960 intellegeretur:
746 907 956 948 interfecto
991 907 1236 950 Hordeonio
1266 923 1544 952 commeavere

129 971 262 1013 nuntii
290 971 394 1012 inter
424 971 597 1014 Civilem
628 973 933 1025 Classicumque
966 975 1213 1026 praefectum
1245 976 1334 1016 alae
1365 976 1547 1017 Treviro-

128 1052 229 1080 rum.
289 1039 494 1080 Classicus
522 1038 735 1080 nobilitate
765 1040 991 1092 opibusque
1019 1049 1113 1081 ante
1139 1041 1266 1081 alios:
1308 1041 1460 1093 regium
1489 1042 1545 1084 illi

127 1117 254 1156 genus
292 1111 334 1144 et
370 1117 471 1158 pace
508 1105 697 1158 belloque
735 1107 840 1145 clara
877 1105 999 1157 origo,
1035 1106 1122 1158 ipse
1162 1120 1185 1146 e
1217 1105 1433 1147 maioribus
1464 1107 1545 1147 suis
1564 1124 1584 1158 5

127 1167 254 1210 hostis
284 1169 426 1222 populi
459 1171 639 1211 Romani
669 1184 791 1223 quam
825 1170 956 1211 socios
986 1171 1170 1211 iactabat.
1229 1171 1425 1212 miscuere
1457 1186 1545 1213 sese

130 1234 258 1275 Iulius
277 1236 408 1276 Tutor
426 1242 468 1278 et
487 1235 614 1277 Iulius
634 1235 818 1285 Sabinus,
837 1235 903 1275 hic
923 1236 1072 1284 Trevir,
1096 1236 1161 1276 hic
1183 1236 1400 1289 Lingonus,
1417 1239 1546 1278 Tutor

127 1301 237 1353 ripae
275 1300 412 1342 Rheni
444 1314 470 1342 a
500 1301 665 1342 Vitellio
703 1303 927 1354 praefectus
940 1316 953 1352 3
995 1301 1189 1342 Sabinum
1228 1316 1348 1354 super
1384 1302 1544 1344 insitam

128 1365 346 1410 vanitatem
383 1367 507 1407 falsae
543 1366 674 1418 stirpis
710 1367 835 1419 gloria
874 1367 1140 1408 incendebat:
1188 1368 1393 1420 proaviam
1431 1382 1544 1410 suam

127 1432 225 1472 divo
262 1430 370 1472 Iulio
406 1445 477 1485 per
507 1431 657 1472 Gallias
691 1432 856 1472 bellanti
891 1446 1058 1485 corpore
1088 1440 1210 1484 atque
1238 1434 1437 1474 adulterio
1465 1437 1546 1487 pla·
1566 1454 1606 1477 10

126 1497 270 1538 cuisse.
341 1497 384 1537 hi
421 1497 584 1554 secretis
618 1497 871 1538 sermonibus
908 1498 1065 1539 animos
1104 1506 1327 1540 ceterorum
1365 1501 1541 1550 scrutari,

127 1562 200 1604 ubi
230 1574 334 1615 quos
363 1564 536 1605 idoneos
572 1564 761 1606 rebantur
791 1564 1041 1605 conscientia
1071 1565 1330 1616 obstrinxere,
1365 1566 1407 1606 in
1437 1568 1543 1608 colo-

122 1628 197 1673 nia
209 1628 492 1682 Agrippinensi
511 1629 555 1670 in
573 1631 742 1671 domum
762 1630 956 1683 privatam
972 1630 1219 1672 conveniunt
1233 1646 1244 1681 3
1266 1645 1360 1672 nam
1380 1633 1542 1684 publice
1585 1673 1588 1675 .

128 1694 268 1736 civitas
286 1694 433 1736 talibus
452 1695 622 1749 inceptis
637 1697 878 1737 abhorrebat
890 1711 902 1746 3
925 1710 973 1736 ac
993 1703 1128 1736 tamen
1147 1697 1361 1738 interfuere
1375 1697 1541 1751 quidam

127 1759 327 1802 Vbiorum
351 1762 699 1814 Tungrorumque.
759 1763 831 1803 sed
857 1761 1028 1814 plurima
1047 1762 1106 1802 vis
1135 1775 1259 1815 penes
1283 1763 1469 1805 Treviros
1494 1778 1543 1805 ac
1564 1780 1603 1815 15

129 1825 344 1878 Lingonas,
383 1839 459 1867 nec
497 1828 623 1868 tulere
661 1841 793 1868 moras
836 1829 1102 1867 consultandi.
1175 1827 1354 1868 certatim
1393 1831 1544 1882 procla-

128 1897 242 1932 mant
271 1892 401 1932 furere
433 1892 644 1934 discordiis
675 1894 871 1946 populum
903 1895 1147 1943 Romanum,
1184 1906 1319 1935 caesas
1350 1895 1540 1947 legiones,

127 1963 323 1999 vastatam
355 1957 526 2008 Italiam,
556 1959 646 2011 capi
674 1972 769 2001 cum
798 1958 970 1999 maxime
1003 1959 1319 2008 urbem‚⁴0mnis
1347 1961 1541 2002 exercitus

128 2020 211 2063 suis
243 2035 447 2076 quemque
476 2025 591 2065 bellis
623 2025 826 2066 distineri:
866 2027 898 2065 si
929 2026 1054 2077 Alpes
1085 2024 1290 2076 praesidiis
1321 2026 1537 2076 firmentur,

128 2127 151 2158 8
173 2126 339 2167 capitolin
357 2126 408 2167 M,
424 2131 542 2160 notam
559 2128 620 2161 del.
639 2129 682 2161 M
685 2129 698 2150 ¹
856 2139 893 2161 11
919 2129 1127 2171 poslsionem
1144 2129 1188 2161 M
1356 2141 1396 2162 12
1420 2142 1539 2173 super-

127 2169 278 2202 stionem
293 2180 412 2203 sanam
429 2171 479 2212 M,
497 2182 576 2205 corr.
597 2172 654 2204 M¹
807 2183 846 2213 13
870 2173 1034 2205 druuidae
1050 2173 1094 2204 M
1243 2184 1284 2214 14
1308 2175 1472 2210 othonem
1487 2176 1538 2216 M,

129 2212 290 2299 ωνέ5λι6ι
307 2258 422 2291 socios
445 2259 629 2291 Meroerus:
663 2260 779 2292 socius
806 2260 869 2292 M:
907 2260 1019 2293 socius
1045 2261 1231 2293 iactabatur
1259 2261 1387 2294 Urlichs
1518 2273 1536 2302 7

129 2298 190 2333 ille
203 2300 328 2334 Trevir
341 2301 486 2335 Pichena
598 2303 709 2344 Lingo
722 2302 906 2345 Nipperdey
1059 2305 1080 2336 8
1104 2304 1268 2337 Sabinum
1289 2305 1514 2338 Weissenborn
1529 2319 1537 2339 :

128 2343 268 2376 abinus
284 2344 327 2377 M
339 2356 347 2377 :
369 2346 529 2381 sabinus.
547 2371 556 2380 .
568 2371 576 2379 .
593 2347 841 2379 incendebatur
856 2347 930 2388 det„
951 2347 1071 2380 Meiser
1160 2359 1195 2379 11
1223 2350 1363 2381 scrutati
1379 2349 1534 2391 Pichena,

129 2385 241 2462 &alm
253 2431 297 2465 M
377 2399 416 2420 12
439 2391 682 2423 conscientiam
699 2391 750 2432 M,
766 2402 845 2423 corr.
865 2391 908 2424 M
910 2391 918 2410 ¹
1010 2391 1201 2423 obstrixere
1217 2392 1260 2424 M
1413 2402 1452 2434 13
1476 2403 1536 2433 pu-

165 2441 237 2464 icae
