<?xml version="1.0" encoding="UTF-8"?>
<!DOCTYPE html PUBLIC "-//W3C//DTD XHTML 1.0 Transitional//EN"
    "http://www.w3.org/TR/xhtml1/DTD/xhtml1-transitional.dtd">
<html xmlns="http://www.w3.org/1999/xhtml" xml:lang="en" lang="en">
 <head>
  <title>
</title>
<meta http-equiv="Content-Type" content="text/html;charset=utf-8" />
  <meta name='ocr-system' content='tesseract 3.04.00' />
  <meta name='ocr-capabilities' content='ocr_page ocr_carea ocr_par ocr_line ocrx_word'/>
</head>
<body>
  <div class='ocr_page' id='page_1' title='image "./historiarumlibri00taciuoft_0041.png"; bbox 0 0 1748 2826; ppageno 0'>
   <div class='ocr_carea' id='block_1_1' title="bbox 490 78 1596 152">
    <p class='ocr_par' dir='ltr' id='par_1_1' title="bbox 490 78 1596 152">
     <span class='ocr_line' id='line_1_1' title="bbox 490 78 1596 152; baseline 0 -10"><span class='ocrx_word' id='word_1_1' title='bbox 490 78 898 143; x_wconf 70' lang='lat' dir='ltr'>HISTomARVM</span> <span class='ocrx_word' id='word_1_2' title='bbox 931 103 1103 140; x_wconf 83' lang='lat' dir='ltr'><strong>LIBER</strong></span> <span class='ocrx_word' id='word_1_3' title='bbox 1135 104 1153 141; x_wconf 93' lang='lat'>1</span> <span class='ocrx_word' id='word_1_4' title='bbox 1503 105 1521 142; x_wconf 94' lang='lat'>1</span> <span class='ocrx_word' id='word_1_5' title='bbox 1542 113 1596 152; x_wconf 86' lang='lat'>45</span> 
     </span>
    </p>
   </div>
   <div class='ocr_carea' id='block_1_2' title="bbox 54 212 1523 265">
    <p class='ocr_par' dir='ltr' id='par_1_2' title="bbox 54 212 1523 265">
     <span class='ocr_line' id='line_1_2' title="bbox 54 212 1523 265; baseline -0.002 -9"><span class='ocrx_word' id='word_1_6' title='bbox 54 212 56 214; x_wconf 57' lang='grc'><strong><em>’</em></strong></span> <span class='ocrx_word' id='word_1_7' title='bbox 112 213 230 256; x_wconf 76' lang='lat' dir='ltr'>striae</span> <span class='ocrx_word' id='word_1_8' title='bbox 256 213 342 256; x_wconf 89' lang='lat' dir='ltr'>eius</span> <span class='ocrx_word' id='word_1_9' title='bbox 370 213 705 265; x_wconf 82' lang='lat' dir='ltr'>innocentiaeque</span> <span class='ocrx_word' id='word_1_10' title='bbox 739 212 852 265; x_wconf 89' lang='lat' dir='ltr'>quasi</span> <span class='ocrx_word' id='word_1_11' title='bbox 882 212 996 252; x_wconf 87' lang='lat' dir='ltr'>malis</span> <span class='ocrx_word' id='word_1_12' title='bbox 1026 212 1176 254; x_wconf 88' lang='lat' dir='ltr'>artibus</span> <span class='ocrx_word' id='word_1_13' title='bbox 1208 212 1363 254; x_wconf 86' lang='lat' dir='ltr'>infensi.</span> <span class='ocrx_word' id='word_1_14' title='bbox 1435 227 1523 254; x_wconf 89' lang='lat' dir='ltr'>cae-</span> 
     </span>
    </p>
   </div>
   <div class='ocr_carea' id='block_1_3' title="bbox 52 278 1600 2116">
    <p class='ocr_par' dir='ltr' id='par_1_3' title="bbox 111 278 1587 597">
     <span class='ocr_line' id='line_1_3' title="bbox 112 278 1587 333; baseline -0.002 -12"><span class='ocrx_word' id='word_1_15' title='bbox 112 280 174 321; x_wconf 87' lang='lat' dir='ltr'>dis</span> <span class='ocrx_word' id='word_1_16' title='bbox 201 287 242 321; x_wconf 88' lang='lat' dir='ltr'>et</span> <span class='ocrx_word' id='word_1_17' title='bbox 270 281 506 333; x_wconf 87' lang='lat' dir='ltr'>praedarum</span> <span class='ocrx_word' id='word_1_18' title='bbox 538 279 694 319; x_wconf 90' lang='lat' dir='ltr'>initium</span> <span class='ocrx_word' id='word_1_19' title='bbox 725 286 764 319; x_wconf 91' lang='lat' dir='ltr'>et</span> <span class='ocrx_word' id='word_1_20' title='bbox 788 278 942 330; x_wconf 89' lang='lat' dir='ltr'>optimo</span> <span class='ocrx_word' id='word_1_21' title='bbox 969 278 1115 330; x_wconf 89' lang='lat' dir='ltr'>cuique</span> <span class='ocrx_word' id='word_1_22' title='bbox 1142 279 1359 331; x_wconf 90' lang='lat' dir='ltr'>perniciem</span> <span class='ocrx_word' id='word_1_23' title='bbox 1388 279 1524 331; x_wconf 87' lang='lat' dir='ltr'>quaeri</span> <span class='ocrx_word' id='word_1_24' title='bbox 1547 292 1587 314; x_wconf 92' lang='lat'>10</span> 
     </span>
     <span class='ocr_line' id='line_1_4' title="bbox 111 345 1524 400; baseline -0.003 -12"><span class='ocrx_word' id='word_1_25' title='bbox 111 347 339 400; x_wconf 83' lang='lat' dir='ltr'><strong>apparebat,</strong></span> <span class='ocrx_word' id='word_1_26' title='bbox 361 348 432 387; x_wconf 89' lang='lat' dir='ltr'>sed</span> <span class='ocrx_word' id='word_1_27' title='bbox 452 347 607 387; x_wconf 86' lang='lat' dir='ltr'>Othoni</span> <span class='ocrx_word' id='word_1_28' title='bbox 635 346 816 385; x_wconf 91' lang='lat' dir='ltr'>nondum</span> <span class='ocrx_word' id='word_1_29' title='bbox 841 345 1054 384; x_wconf 84' lang='lat' dir='ltr'>auctoritas</span> <span class='ocrx_word' id='word_1_30' title='bbox 1082 345 1208 385; x_wconf 89' lang='lat' dir='ltr'>inerat</span> <span class='ocrx_word' id='word_1_31' title='bbox 1235 347 1287 385; x_wconf 93' lang='lat' dir='ltr'>ad</span> <span class='ocrx_word' id='word_1_32' title='bbox 1312 345 1524 396; x_wconf 87' lang='lat' dir='ltr'>prohiben-</span> 
     </span>
     <span class='ocr_line' id='line_1_5' title="bbox 111 411 1525 463; baseline -0.004 -9"><span class='ocrx_word' id='word_1_33' title='bbox 111 415 209 454; x_wconf 91' lang='lat' dir='ltr'>dum</span> <span class='ocrx_word' id='word_1_34' title='bbox 236 414 391 454; x_wconf 86' lang='lat' dir='ltr'>scelus:</span> <span class='ocrx_word' id='word_1_35' title='bbox 432 413 567 453; x_wconf 91' lang='lat' dir='ltr'>iubere</span> <span class='ocrx_word' id='word_1_36' title='bbox 592 412 670 452; x_wconf 88' lang='lat' dir='ltr'>iarn</span> <span class='ocrx_word' id='word_1_37' title='bbox 698 418 862 463; x_wconf 87' lang='lat' dir='ltr'>poterat.</span> <span class='ocrx_word' id='word_1_38' title='bbox 923 411 978 450; x_wconf 90' lang='lat' dir='ltr'>ita</span> <span class='ocrx_word' id='word_1_39' title='bbox 1007 411 1260 452; x_wconf 82' lang='lat' dir='ltr'>simulatione</span> <span class='ocrx_word' id='word_1_40' title='bbox 1284 411 1364 451; x_wconf 86' lang='lat' dir='ltr'>irae</span> <span class='ocrx_word' id='word_1_41' title='bbox 1387 411 1525 451; x_wconf 89' lang='lat' dir='ltr'>vinciri</span> 
     </span>
     <span class='ocr_line' id='line_1_6' title="bbox 111 476 1564 530; baseline -0.003 -10"><span class='ocrx_word' id='word_1_42' title='bbox 111 481 262 520; x_wconf 89' lang='lat' dir='ltr'>iussum</span> <span class='ocrx_word' id='word_1_43' title='bbox 287 487 327 519; x_wconf 91' lang='lat' dir='ltr'>et</span> <span class='ocrx_word' id='word_1_44' title='bbox 356 479 524 519; x_wconf 89' lang='lat' dir='ltr'>maiores</span> <span class='ocrx_word' id='word_1_45' title='bbox 551 491 700 530; x_wconf 89' lang='lat' dir='ltr'>poenas</span> <span class='ocrx_word' id='word_1_46' title='bbox 727 479 911 518; x_wconf 87' lang='lat' dir='ltr'>daturum</span> <span class='ocrx_word' id='word_1_47' title='bbox 941 478 1157 517; x_wconf 87' lang='lat' dir='ltr'>adfirmans</span> <span class='ocrx_word' id='word_1_48' title='bbox 1185 476 1382 529; x_wconf 82' lang='lat' dir='ltr'>praesenti</span> <span class='ocrx_word' id='word_1_49' title='bbox 1406 476 1525 516; x_wconf 88' lang='lat' dir='ltr'>exitio</span> <span class='ocrx_word' id='word_1_50' title='bbox 1549 511 1564 524; x_wconf 81' lang='grc'><em>,</em></span> 
     </span>
     <span class='ocr_line' id='line_1_7' title="bbox 112 545 378 597; baseline -0.004 -11"><span class='ocrx_word' id='word_1_51' title='bbox 112 545 316 586; x_wconf 88' lang='lat' dir='ltr'>subtraxit.</span> <span class='ocrx_word' id='word_1_52' title='bbox 359 585 378 597; x_wconf 63' lang='grc'><em>,</em></span> 
     </span>
    </p>

    <p class='ocr_par' dir='ltr' id='par_1_4' title="bbox 52 606 1600 2116">
     <span class='ocr_line' id='line_1_8' title="bbox 276 606 1600 662; baseline -0.004 -11"><span class='ocrx_word' id='word_1_53' title='bbox 276 609 426 652; x_wconf 88' lang='lat' dir='ltr'>Omnia</span> <span class='ocrx_word' id='word_1_54' title='bbox 452 609 601 651; x_wconf 89' lang='lat' dir='ltr'>deinde</span> <span class='ocrx_word' id='word_1_55' title='bbox 626 608 788 650; x_wconf 86' lang='lat' dir='ltr'>arbitrio</span> <span class='ocrx_word' id='word_1_56' title='bbox 816 608 987 650; x_wconf 89' lang='lat' dir='ltr'>militum</span> <span class='ocrx_word' id='word_1_57' title='bbox 1012 616 1124 651; x_wconf 87' lang='lat' dir='ltr'>acta:</span> <span class='ocrx_word' id='word_1_58' title='bbox 1164 609 1348 662; x_wconf 89' lang='lat' dir='ltr'>praetorii</span> <span class='ocrx_word' id='word_1_59' title='bbox 1377 609 1525 661; x_wconf 90' lang='lat' dir='ltr'>praefe-</span> <span class='ocrx_word' id='word_1_60' title='bbox 1542 606 1600 655; x_wconf 87' lang='lat'>46</span> 
     </span>
     <span class='ocr_line' id='line_1_9' title="bbox 111 675 1524 730; baseline -0.003 -12"><span class='ocrx_word' id='word_1_61' title='bbox 111 682 198 718; x_wconf 88' lang='lat' dir='ltr'>ctos</span> <span class='ocrx_word' id='word_1_62' title='bbox 227 676 302 718; x_wconf 91' lang='lat' dir='ltr'>sibi</span> <span class='ocrx_word' id='word_1_63' title='bbox 329 676 404 730; x_wconf 89' lang='lat' dir='ltr'>ipsi</span> <span class='ocrx_word' id='word_1_64' title='bbox 432 677 573 728; x_wconf 88' lang='lat' dir='ltr'>legere,</span> <span class='ocrx_word' id='word_1_65' title='bbox 600 676 775 716; x_wconf 89' lang='lat' dir='ltr'>Plotium</span> <span class='ocrx_word' id='word_1_66' title='bbox 806 676 1034 716; x_wconf 84' lang='lat' dir='ltr'>Firmume</span> <span class='ocrx_word' id='word_1_67' title='bbox 1058 675 1372 728; x_wconf 84' lang='lat' dir='ltr'>manipularibus</span> <span class='ocrx_word' id='word_1_68' title='bbox 1400 688 1524 726; x_wconf 89' lang='lat' dir='ltr'>quon-</span> 
     </span>
     <span class='ocr_line' id='line_1_10' title="bbox 111 741 1523 795; baseline -0.002 -12"><span class='ocrx_word' id='word_1_69' title='bbox 111 743 221 793; x_wconf 83' lang='lat' dir='ltr'>dam,</span> <span class='ocrx_word' id='word_1_70' title='bbox 240 750 325 783; x_wconf 89' lang='lat' dir='ltr'>tum</span> <span class='ocrx_word' id='word_1_71' title='bbox 345 742 529 795; x_wconf 89' lang='lat' dir='ltr'>vigilibus</span> <span class='ocrx_word' id='word_1_72' title='bbox 548 742 819 795; x_wconf 90' lang='lat' dir='ltr'>praepositum</span> <span class='ocrx_word' id='word_1_73' title='bbox 844 750 882 782; x_wconf 90' lang='lat' dir='ltr'>et</span> <span class='ocrx_word' id='word_1_74' title='bbox 910 742 1102 782; x_wconf 92' lang='lat' dir='ltr'>incolumi</span> <span class='ocrx_word' id='word_1_75' title='bbox 1125 743 1258 781; x_wconf 90' lang='lat' dir='ltr'>adhuc</span> <span class='ocrx_word' id='word_1_76' title='bbox 1283 741 1413 782; x_wconf 90' lang='lat' dir='ltr'>Galba</span> <span class='ocrx_word' id='word_1_77' title='bbox 1437 755 1523 793; x_wconf 92' lang='lat' dir='ltr'>par-</span> 
     </span>
     <span class='ocr_line' id='line_1_11' title="bbox 111 805 1524 859; baseline -0.001 -11"><span class='ocrx_word' id='word_1_78' title='bbox 111 808 162 849; x_wconf 88' lang='lat' dir='ltr'>tis</span> <span class='ocrx_word' id='word_1_79' title='bbox 191 807 366 850; x_wconf 86' lang='lat' dir='ltr'>Othonis</span> <span class='ocrx_word' id='word_1_80' title='bbox 392 815 574 849; x_wconf 89' lang='lat' dir='ltr'>secutum</span> <span class='ocrx_word' id='word_1_81' title='bbox 588 823 600 858; x_wconf 78' lang='lat'><em>3</em></span> <span class='ocrx_word' id='word_1_82' title='bbox 628 806 854 859; x_wconf 87' lang='lat' dir='ltr'>adiungitur</span> <span class='ocrx_word' id='word_1_83' title='bbox 882 806 1059 847; x_wconf 91' lang='lat' dir='ltr'>Licinius</span> <span class='ocrx_word' id='word_1_84' title='bbox 1085 808 1290 856; x_wconf 85' lang='lat' dir='ltr'>Proculus,</span> <span class='ocrx_word' id='word_1_85' title='bbox 1310 805 1452 846; x_wconf 87' lang='lat' dir='ltr'>intima</span> <span class='ocrx_word' id='word_1_86' title='bbox 1471 808 1524 846; x_wconf 84' lang='lat' dir='ltr'>fa-</span> 
     </span>
     <span class='ocr_line' id='line_1_12' title="bbox 112 872 1563 926; baseline -0.003 -10"><span class='ocrx_word' id='word_1_87' title='bbox 112 874 336 916; x_wconf 87' lang='lat' dir='ltr'>miliaritate</span> <span class='ocrx_word' id='word_1_88' title='bbox 359 875 534 916; x_wconf 89' lang='lat' dir='ltr'>Othonis</span> <span class='ocrx_word' id='word_1_89' title='bbox 561 880 769 926; x_wconf 89' lang='lat' dir='ltr'>suspectus</span> <span class='ocrx_word' id='word_1_90' title='bbox 793 872 959 913; x_wconf 89' lang='lat' dir='ltr'>consilia</span> <span class='ocrx_word' id='word_1_91' title='bbox 988 873 1072 913; x_wconf 89' lang='lat' dir='ltr'>eius</span> <span class='ocrx_word' id='word_1_92' title='bbox 1100 873 1255 913; x_wconf 87' lang='lat' dir='ltr'>fovisse.</span> <span class='ocrx_word' id='word_1_93' title='bbox 1316 873 1403 913; x_wconf 91' lang='lat' dir='ltr'>urbi</span> <span class='ocrx_word' id='word_1_94' title='bbox 1435 875 1522 913; x_wconf 90' lang='lat' dir='ltr'>Fla·</span> <span class='ocrx_word' id='word_1_95' title='bbox 1545 887 1563 920; x_wconf 88' lang='lat'>5</span> 
     </span>
     <span class='ocr_line' id='line_1_13' title="bbox 113 938 1524 992; baseline -0.001 -11"><span class='ocrx_word' id='word_1_96' title='bbox 113 941 222 981; x_wconf 91' lang='lat' dir='ltr'>vium</span> <span class='ocrx_word' id='word_1_97' title='bbox 251 941 445 982; x_wconf 88' lang='lat' dir='ltr'>Sabinum</span> <span class='ocrx_word' id='word_1_98' title='bbox 472 941 709 992; x_wconf 88' lang='lat' dir='ltr'>praefecere,</span> <span class='ocrx_word' id='word_1_99' title='bbox 740 939 934 979; x_wconf 89' lang='lat' dir='ltr'>iudicium</span> <span class='ocrx_word' id='word_1_100' title='bbox 965 938 1138 978; x_wconf 91' lang='lat' dir='ltr'>Neronis</span> <span class='ocrx_word' id='word_1_101' title='bbox 1168 938 1304 988; x_wconf 89' lang='lat' dir='ltr'>secuti,</span> <span class='ocrx_word' id='word_1_102' title='bbox 1337 939 1411 978; x_wconf 92' lang='lat' dir='ltr'>sub</span> <span class='ocrx_word' id='word_1_103' title='bbox 1442 952 1524 990; x_wconf 93' lang='lat' dir='ltr'>quo</span> 
     </span>
     <span class='ocr_line' id='line_1_14' title="bbox 113 1004 1523 1057; baseline -0.003 -9"><span class='ocrx_word' id='word_1_104' title='bbox 113 1008 284 1048; x_wconf 89' lang='lat' dir='ltr'>eandem</span> <span class='ocrx_word' id='word_1_105' title='bbox 314 1020 451 1048; x_wconf 87' lang='lat' dir='ltr'>curam</span> <span class='ocrx_word' id='word_1_106' title='bbox 480 1005 717 1054; x_wconf 87' lang='lat' dir='ltr'>obtinuerat,</span> <span class='ocrx_word' id='word_1_107' title='bbox 748 1004 948 1057; x_wconf 90' lang='lat' dir='ltr'>plerisque</span> <span class='ocrx_word' id='word_1_108' title='bbox 976 1005 1269 1056; x_wconf 85' lang='lat' dir='ltr'>Vespasianum</span> <span class='ocrx_word' id='word_1_109' title='bbox 1296 1006 1455 1044; x_wconf 84' lang='lat' dir='ltr'>fratrem</span> <span class='ocrx_word' id='word_1_110' title='bbox 1483 1004 1523 1044; x_wconf 92' lang='lat' dir='ltr'>in</span> 
     </span>
     <span class='ocr_line' id='line_1_15' title="bbox 113 1069 1524 1126; baseline -0.004 -12"><span class='ocrx_word' id='word_1_111' title='bbox 113 1086 164 1114; x_wconf 91' lang='lat' dir='ltr'>eo</span> <span class='ocrx_word' id='word_1_112' title='bbox 193 1071 508 1126; x_wconf 85' lang='lat' dir='ltr'>respicientibus.</span> <span class='ocrx_word' id='word_1_113' title='bbox 581 1070 800 1122; x_wconf 86' lang='lat' dir='ltr'>flagitatum</span> <span class='ocrx_word' id='word_1_114' title='bbox 834 1078 877 1109; x_wconf 92' lang='lat' dir='ltr'>ut</span> <span class='ocrx_word' id='word_1_115' title='bbox 908 1069 1136 1110; x_wconf 88' lang='lat' dir='ltr'>vacationes</span> <span class='ocrx_word' id='word_1_116' title='bbox 1171 1070 1358 1121; x_wconf 86' lang='lat' dir='ltr'>praestari</span> <span class='ocrx_word' id='word_1_117' title='bbox 1390 1077 1524 1110; x_wconf 91' lang='lat' dir='ltr'>centu-</span> 
     </span>
     <span class='ocr_line' id='line_1_16' title="bbox 112 1135 1525 1188; baseline -0.003 -9"><span class='ocrx_word' id='word_1_118' title='bbox 112 1138 290 1179; x_wconf 89' lang='lat' dir='ltr'>rionibus</span> <span class='ocrx_word' id='word_1_119' title='bbox 317 1139 456 1178; x_wconf 86' lang='lat' dir='ltr'>solitae</span> <span class='ocrx_word' id='word_1_120' title='bbox 479 1137 795 1186; x_wconf 82' lang='lat' dir='ltr'>remitterentur3</span> <span class='ocrx_word' id='word_1_121' title='bbox 824 1149 999 1187; x_wconf 87' lang='lat' dir='ltr'>namque</span> <span class='ocrx_word' id='word_1_122' title='bbox 1027 1136 1225 1188; x_wconf 87' lang='lat' dir='ltr'>gregarius</span> <span class='ocrx_word' id='word_1_123' title='bbox 1253 1136 1366 1176; x_wconf 91' lang='lat' dir='ltr'>miles</span> <span class='ocrx_word' id='word_1_124' title='bbox 1393 1143 1436 1175; x_wconf 89' lang='lat' dir='ltr'>ut</span> <span class='ocrx_word' id='word_1_125' title='bbox 1463 1135 1525 1175; x_wconf 91' lang='lat' dir='ltr'>tri-</span> 
     </span>
     <span class='ocr_line' id='line_1_17' title="bbox 111 1201 1585 1255; baseline -0.003 -10"><span class='ocrx_word' id='word_1_126' title='bbox 111 1205 254 1246; x_wconf 90' lang='lat' dir='ltr'>butum</span> <span class='ocrx_word' id='word_1_127' title='bbox 284 1216 464 1245; x_wconf 90' lang='lat' dir='ltr'>annuum</span> <span class='ocrx_word' id='word_1_128' title='bbox 492 1203 708 1255; x_wconf 86' lang='lat' dir='ltr'>pendebat.</span> <span class='ocrx_word' id='word_1_129' title='bbox 782 1209 921 1253; x_wconf 86' lang='lat' dir='ltr'>quarta</span> <span class='ocrx_word' id='word_1_130' title='bbox 950 1215 1038 1253; x_wconf 88' lang='lat' dir='ltr'>pars</span> <span class='ocrx_word' id='word_1_131' title='bbox 1070 1201 1263 1253; x_wconf 90' lang='lat' dir='ltr'>manipuli</span> <span class='ocrx_word' id='word_1_132' title='bbox 1293 1215 1427 1254; x_wconf 87' lang='lat' dir='ltr'>sparsa</span> <span class='ocrx_word' id='word_1_133' title='bbox 1455 1215 1526 1253; x_wconf 90' lang='lat' dir='ltr'>per</span> <span class='ocrx_word' id='word_1_134' title='bbox 1548 1217 1585 1239; x_wconf 86' lang='lat'>10</span> 
     </span>
     <span class='ocr_line' id='line_1_18' title="bbox 111 1268 1524 1320; baseline -0.003 -9"><span class='ocrx_word' id='word_1_135' title='bbox 111 1277 361 1311; x_wconf 86' lang='lat' dir='ltr'>commeatus</span> <span class='ocrx_word' id='word_1_136' title='bbox 391 1276 460 1309; x_wconf 87' lang='lat' dir='ltr'>aut</span> <span class='ocrx_word' id='word_1_137' title='bbox 490 1268 531 1308; x_wconf 89' lang='lat' dir='ltr'>in</span> <span class='ocrx_word' id='word_1_138' title='bbox 562 1268 658 1320; x_wconf 86' lang='lat' dir='ltr'>ipsis</span> <span class='ocrx_word' id='word_1_139' title='bbox 690 1268 826 1308; x_wconf 83' lang='lat' dir='ltr'>castris</span> <span class='ocrx_word' id='word_1_140' title='bbox 858 1281 968 1319; x_wconf 86' lang='lat' dir='ltr'>vaga,</span> <span class='ocrx_word' id='word_1_141' title='bbox 1004 1269 1102 1308; x_wconf 88' lang='lat' dir='ltr'>dum</span> <span class='ocrx_word' id='word_1_142' title='bbox 1132 1269 1360 1308; x_wconf 90' lang='lat' dir='ltr'>mercedem</span> <span class='ocrx_word' id='word_1_143' title='bbox 1391 1275 1524 1308; x_wconf 90' lang='lat' dir='ltr'>centu-</span> 
     </span>
     <span class='ocr_line' id='line_1_19' title="bbox 111 1332 1524 1386; baseline -0.002 -10"><span class='ocrx_word' id='word_1_144' title='bbox 111 1335 214 1376; x_wconf 87' lang='lat' dir='ltr'>rioni</span> <span class='ocrx_word' id='word_1_145' title='bbox 237 1336 445 1384; x_wconf 84' lang='lat' dir='ltr'>exolveret,</span> <span class='ocrx_word' id='word_1_146' title='bbox 477 1347 610 1386; x_wconf 88' lang='lat' dir='ltr'>neque</span> <span class='ocrx_word' id='word_1_147' title='bbox 639 1335 806 1374; x_wconf 89' lang='lat' dir='ltr'>modum</span> <span class='ocrx_word' id='word_1_148' title='bbox 836 1333 967 1373; x_wconf 83' lang='lat' dir='ltr'>oneris</span> <span class='ocrx_word' id='word_1_149' title='bbox 997 1332 1209 1384; x_wconf 91' lang='lat' dir='ltr'>quisquam</span> <span class='ocrx_word' id='word_1_150' title='bbox 1238 1347 1370 1385; x_wconf 90' lang='lat' dir='ltr'>neque</span> <span class='ocrx_word' id='word_1_151' title='bbox 1398 1347 1524 1385; x_wconf 88' lang='lat' dir='ltr'>genus</span> 
     </span>
     <span class='ocr_line' id='line_1_20' title="bbox 112 1399 1524 1454; baseline -0.001 -13"><span class='ocrx_word' id='word_1_152' title='bbox 112 1408 300 1454; x_wconf 89' lang='lat' dir='ltr'>quaestus</span> <span class='ocrx_word' id='word_1_153' title='bbox 333 1401 448 1453; x_wconf 88' lang='lat' dir='ltr'>pensi</span> <span class='ocrx_word' id='word_1_154' title='bbox 475 1401 675 1441; x_wconf 88' lang='lat' dir='ltr'>habebat:</span> <span class='ocrx_word' id='word_1_155' title='bbox 714 1413 783 1452; x_wconf 89' lang='lat' dir='ltr'>per</span> <span class='ocrx_word' id='word_1_156' title='bbox 811 1399 1018 1439; x_wconf 90' lang='lat' dir='ltr'>latrocinia</span> <span class='ocrx_word' id='word_1_157' title='bbox 1047 1406 1086 1439; x_wconf 90' lang='lat' dir='ltr'>et</span> <span class='ocrx_word' id='word_1_158' title='bbox 1116 1407 1250 1452; x_wconf 89' lang='lat' dir='ltr'>raptus</span> <span class='ocrx_word' id='word_1_159' title='bbox 1278 1406 1348 1439; x_wconf 87' lang='lat' dir='ltr'>aut</span> <span class='ocrx_word' id='word_1_160' title='bbox 1377 1399 1524 1439; x_wconf 90' lang='lat' dir='ltr'>servili-</span> 
     </span>
     <span class='ocr_line' id='line_1_21' title="bbox 112 1464 1525 1517; baseline -0.001 -11"><span class='ocrx_word' id='word_1_161' title='bbox 112 1465 188 1506; x_wconf 89' lang='lat' dir='ltr'>bus</span> <span class='ocrx_word' id='word_1_162' title='bbox 216 1465 445 1506; x_wconf 89' lang='lat' dir='ltr'>ministeriis</span> <span class='ocrx_word' id='word_1_163' title='bbox 473 1466 641 1506; x_wconf 90' lang='lat' dir='ltr'>militare</span> <span class='ocrx_word' id='word_1_164' title='bbox 668 1464 795 1505; x_wconf 89' lang='lat' dir='ltr'>otium</span> <span class='ocrx_word' id='word_1_165' title='bbox 823 1465 1083 1505; x_wconf 89' lang='lat' dir='ltr'>redimebant.</span> <span class='ocrx_word' id='word_1_166' title='bbox 1156 1473 1241 1505; x_wconf 90' lang='lat' dir='ltr'>tum</span> <span class='ocrx_word' id='word_1_167' title='bbox 1265 1465 1525 1517; x_wconf 87' lang='lat' dir='ltr'>locupletissi-</span> 
     </span>
     <span class='ocr_line' id='line_1_22' title="bbox 113 1531 1587 1584; baseline 0.001 -12"><span class='ocrx_word' id='word_1_168' title='bbox 113 1545 202 1572; x_wconf 90' lang='lat' dir='ltr'>mus</span> <span class='ocrx_word' id='word_1_169' title='bbox 239 1531 409 1584; x_wconf 88' lang='lat' dir='ltr'>quisque</span> <span class='ocrx_word' id='word_1_170' title='bbox 448 1532 561 1572; x_wconf 89' lang='lat' dir='ltr'>miles</span> <span class='ocrx_word' id='word_1_171' title='bbox 600 1532 736 1572; x_wconf 86' lang='lat' dir='ltr'>labore</span> <span class='ocrx_word' id='word_1_172' title='bbox 774 1545 822 1571; x_wconf 89' lang='lat' dir='ltr'>ac</span> <span class='ocrx_word' id='word_1_173' title='bbox 861 1531 1023 1571; x_wconf 89' lang='lat' dir='ltr'>saevitia</span> <span class='ocrx_word' id='word_1_174' title='bbox 1061 1532 1211 1584; x_wconf 88' lang='lat' dir='ltr'>fatigari</span> <span class='ocrx_word' id='word_1_175' title='bbox 1251 1534 1383 1573; x_wconf 92' lang='lat' dir='ltr'>donec</span> <span class='ocrx_word' id='word_1_176' title='bbox 1414 1547 1525 1573; x_wconf 87' lang='lat' dir='ltr'>vaca·</span> <span class='ocrx_word' id='word_1_177' title='bbox 1547 1547 1587 1576; x_wconf 86' lang='lat'>15</span> 
     </span>
     <span class='ocr_line' id='line_1_23' title="bbox 112 1596 1525 1650; baseline 0.001 -13"><span class='ocrx_word' id='word_1_178' title='bbox 112 1596 264 1638; x_wconf 85' lang='lat' dir='ltr'>tionem</span> <span class='ocrx_word' id='word_1_179' title='bbox 297 1605 458 1638; x_wconf 77' lang='lat' dir='ltr'>emeret,</span> <span class='ocrx_word' id='word_1_180' title='bbox 531 1598 600 1638; x_wconf 94' lang='lat' dir='ltr'>ubi</span> <span class='ocrx_word' id='word_1_181' title='bbox 633 1596 858 1649; x_wconf 89' lang='lat' dir='ltr'>sumptibus</span> <span class='ocrx_word' id='word_1_182' title='bbox 897 1598 1326 1647; x_wconf 30' lang='lat' dir='ltr'>exhaustuslsocordia</span> <span class='ocrx_word' id='word_1_183' title='bbox 1363 1598 1525 1650; x_wconf 88' lang='lat' dir='ltr'>insuper</span> 
     </span>
     <span class='ocr_line' id='line_1_24' title="bbox 52 1658 1524 1716; baseline 0.001 -13"><span class='ocrx_word' id='word_1_184' title='bbox 52 1658 55 1665; x_wconf 75' lang='grc'><strong>’</strong></span> <span class='ocrx_word' id='word_1_185' title='bbox 112 1663 350 1714; x_wconf 87' lang='lat' dir='ltr'>elanguerat,</span> <span class='ocrx_word' id='word_1_186' title='bbox 387 1665 504 1716; x_wconf 89' lang='lat' dir='ltr'>inops</span> <span class='ocrx_word' id='word_1_187' title='bbox 536 1677 609 1716; x_wconf 92' lang='lat' dir='ltr'>pro</span> <span class='ocrx_word' id='word_1_188' title='bbox 641 1665 842 1716; x_wconf 91' lang='lat' dir='ltr'>locuplete</span> <span class='ocrx_word' id='word_1_189' title='bbox 877 1671 916 1703; x_wconf 92' lang='lat' dir='ltr'>et</span> <span class='ocrx_word' id='word_1_190' title='bbox 946 1665 1050 1703; x_wconf 89' lang='lat' dir='ltr'>iners</span> <span class='ocrx_word' id='word_1_191' title='bbox 1080 1678 1152 1716; x_wconf 90' lang='lat' dir='ltr'>pro</span> <span class='ocrx_word' id='word_1_192' title='bbox 1183 1672 1344 1705; x_wconf 90' lang='lat' dir='ltr'>strenuo</span> <span class='ocrx_word' id='word_1_193' title='bbox 1374 1665 1415 1704; x_wconf 91' lang='lat' dir='ltr'>in</span> <span class='ocrx_word' id='word_1_194' title='bbox 1444 1679 1524 1704; x_wconf 90' lang='lat' dir='ltr'>ma-</span> 
     </span>
     <span class='ocr_line' id='line_1_25' title="bbox 112 1728 1524 1783; baseline 0.002 -15"><span class='ocrx_word' id='word_1_195' title='bbox 112 1728 294 1781; x_wconf 88' lang='lat' dir='ltr'>nipulum</span> <span class='ocrx_word' id='word_1_196' title='bbox 325 1729 489 1779; x_wconf 90' lang='lat' dir='ltr'>redibat,</span> <span class='ocrx_word' id='word_1_197' title='bbox 516 1744 564 1771; x_wconf 92' lang='lat' dir='ltr'>ac</span> <span class='ocrx_word' id='word_1_198' title='bbox 593 1744 725 1770; x_wconf 92' lang='lat' dir='ltr'>rursus</span> <span class='ocrx_word' id='word_1_199' title='bbox 754 1730 853 1769; x_wconf 87' lang='lat' dir='ltr'>alius</span> <span class='ocrx_word' id='word_1_200' title='bbox 883 1737 1004 1781; x_wconf 90' lang='lat' dir='ltr'>atque</span> <span class='ocrx_word' id='word_1_201' title='bbox 1034 1730 1145 1779; x_wconf 89' lang='lat' dir='ltr'>alius,</span> <span class='ocrx_word' id='word_1_202' title='bbox 1178 1732 1319 1770; x_wconf 89' lang='lat' dir='ltr'>eadem</span> <span class='ocrx_word' id='word_1_203' title='bbox 1349 1738 1524 1783; x_wconf 85' lang='lat' dir='ltr'>egestate</span> 
     </span>
     <span class='ocr_line' id='line_1_26' title="bbox 111 1794 1525 1849; baseline 0.001 -14"><span class='ocrx_word' id='word_1_204' title='bbox 111 1807 159 1835; x_wconf 89' lang='lat' dir='ltr'>ac</span> <span class='ocrx_word' id='word_1_205' title='bbox 187 1794 347 1836; x_wconf 89' lang='lat' dir='ltr'>licentia</span> <span class='ocrx_word' id='word_1_206' title='bbox 377 1797 563 1849; x_wconf 85' lang='lat' dir='ltr'>corrupti,</span> <span class='ocrx_word' id='word_1_207' title='bbox 595 1798 647 1837; x_wconf 93' lang='lat' dir='ltr'>ad</span> <span class='ocrx_word' id='word_1_208' title='bbox 676 1796 893 1837; x_wconf 90' lang='lat' dir='ltr'>seditiones</span> <span class='ocrx_word' id='word_1_209' title='bbox 925 1804 964 1836; x_wconf 91' lang='lat' dir='ltr'>et</span> <span class='ocrx_word' id='word_1_210' title='bbox 993 1795 1212 1836; x_wconf 85' lang='lat' dir='ltr'>discordias</span> <span class='ocrx_word' id='word_1_211' title='bbox 1247 1804 1286 1836; x_wconf 89' lang='lat' dir='ltr'>et</span> <span class='ocrx_word' id='word_1_212' title='bbox 1319 1799 1372 1837; x_wconf 90' lang='lat' dir='ltr'>ad</span> <span class='ocrx_word' id='word_1_213' title='bbox 1403 1804 1525 1838; x_wconf 89' lang='lat' dir='ltr'>extre-</span> 
     </span>
     <span class='ocr_line' id='line_1_27' title="bbox 112 1860 1588 1914; baseline 0.001 -14"><span class='ocrx_word' id='word_1_214' title='bbox 112 1874 224 1900; x_wconf 88' lang='lat' dir='ltr'>mum</span> <span class='ocrx_word' id='word_1_215' title='bbox 250 1860 356 1902; x_wconf 90' lang='lat' dir='ltr'>bella</span> <span class='ocrx_word' id='word_1_216' title='bbox 380 1861 510 1902; x_wconf 87' lang='lat' dir='ltr'>civilia</span> <span class='ocrx_word' id='word_1_217' title='bbox 536 1863 715 1903; x_wconf 89' lang='lat' dir='ltr'>ruebant.</span> <span class='ocrx_word' id='word_1_218' title='bbox 775 1864 846 1902; x_wconf 88' lang='lat' dir='ltr'>sed</span> <span class='ocrx_word' id='word_1_219' title='bbox 867 1862 979 1903; x_wconf 90' lang='lat' dir='ltr'>Otho</span> <span class='ocrx_word' id='word_1_220' title='bbox 1003 1876 1054 1902; x_wconf 89' lang='lat' dir='ltr'>ne</span> <span class='ocrx_word' id='word_1_221' title='bbox 1075 1861 1181 1914; x_wconf 86' lang='lat' dir='ltr'>vulgi</span> <span class='ocrx_word' id='word_1_222' title='bbox 1210 1863 1415 1914; x_wconf 86' lang='lat' dir='ltr'>largitione</span> <span class='ocrx_word' id='word_1_223' title='bbox 1435 1877 1526 1904; x_wconf 86' lang='lat' dir='ltr'>cen-</span> <span class='ocrx_word' id='word_1_224' title='bbox 1548 1879 1588 1902; x_wconf 89' lang='lat'>20</span> 
     </span>
     <span class='ocr_line' id='line_1_28' title="bbox 113 1926 1523 1977; baseline 0.001 -10"><span class='ocrx_word' id='word_1_225' title='bbox 113 1926 315 1967; x_wconf 89' lang='lat' dir='ltr'>turionum</span> <span class='ocrx_word' id='word_1_226' title='bbox 348 1927 504 1968; x_wconf 89' lang='lat' dir='ltr'>animos</span> <span class='ocrx_word' id='word_1_227' title='bbox 538 1935 741 1977; x_wconf 87' lang='lat' dir='ltr'>averteret,</span> <span class='ocrx_word' id='word_1_228' title='bbox 778 1929 920 1968; x_wconf 87' lang='lat' dir='ltr'>fiscum</span> <span class='ocrx_word' id='word_1_229' title='bbox 955 1941 1072 1967; x_wconf 92' lang='lat' dir='ltr'>suum</span> <span class='ocrx_word' id='word_1_230' title='bbox 1109 1928 1337 1968; x_wconf 88' lang='lat' dir='ltr'>vacationes</span> <span class='ocrx_word' id='word_1_231' title='bbox 1371 1943 1523 1968; x_wconf 84' lang='lat' dir='ltr'>annuas</span> 
     </span>
     <span class='ocr_line' id='line_1_29' title="bbox 113 1994 1526 2046; baseline 0 -13"><span class='ocrx_word' id='word_1_232' title='bbox 113 1994 363 2034; x_wconf 85' lang='lat' dir='ltr'>exoluturum</span> <span class='ocrx_word' id='word_1_233' title='bbox 393 1994 588 2046; x_wconf 86' lang='lat' dir='ltr'>promisit,</span> <span class='ocrx_word' id='word_1_234' title='bbox 617 2008 700 2034; x_wconf 92' lang='lat' dir='ltr'>rem</span> <span class='ocrx_word' id='word_1_235' title='bbox 730 1995 839 2034; x_wconf 91' lang='lat' dir='ltr'>haud</span> <span class='ocrx_word' id='word_1_236' title='bbox 869 1994 992 2034; x_wconf 92' lang='lat' dir='ltr'>dubie</span> <span class='ocrx_word' id='word_1_237' title='bbox 1022 1994 1160 2034; x_wconf 89' lang='lat' dir='ltr'>utilem</span> <span class='ocrx_word' id='word_1_238' title='bbox 1192 2001 1232 2033; x_wconf 94' lang='lat' dir='ltr'>et</span> <span class='ocrx_word' id='word_1_239' title='bbox 1260 2008 1284 2033; x_wconf 89' lang='lat' dir='ltr'>a</span> <span class='ocrx_word' id='word_1_240' title='bbox 1313 1994 1429 2034; x_wconf 90' lang='lat' dir='ltr'>bonis</span> <span class='ocrx_word' id='word_1_241' title='bbox 1459 2008 1526 2046; x_wconf 93' lang='lat' dir='ltr'>po-</span> 
     </span>
     <span class='ocr_line' id='line_1_30' title="bbox 113 2058 1526 2116; baseline 0 -17"><span class='ocrx_word' id='word_1_242' title='bbox 113 2066 198 2100; x_wconf 85' lang='lat' dir='ltr'>stea</span> <span class='ocrx_word' id='word_1_243' title='bbox 216 2058 462 2111; x_wconf 91' lang='lat' dir='ltr'>principibus</span> <span class='ocrx_word' id='word_1_244' title='bbox 483 2059 747 2116; x_wconf 85' lang='lat' dir='ltr'>perpetuitate</span> <span class='ocrx_word' id='word_1_245' title='bbox 767 2059 1002 2111; x_wconf 90' lang='lat' dir='ltr'>disciplinae</span> <span class='ocrx_word' id='word_1_246' title='bbox 1024 2060 1231 2099; x_wconf 89' lang='lat' dir='ltr'>firmatam.</span> <span class='ocrx_word' id='word_1_247' title='bbox 1291 2061 1399 2099; x_wconf 86' lang='lat' dir='ltr'>Laco</span> <span class='ocrx_word' id='word_1_248' title='bbox 1418 2073 1526 2111; x_wconf 89' lang='lat' dir='ltr'>prae-</span> 
     </span>
    </p>
   </div>
   <div class='ocr_carea' id='block_1_4' title="bbox 86 2163 1525 2425">
    <p class='ocr_par' dir='ltr' id='par_1_5' title="bbox 86 2163 1525 2425">
     <span class='ocr_line' id='line_1_31' title="bbox 115 2163 1525 2207; baseline 0.002 -12"><span class='ocrx_word' id='word_1_249' title='bbox 115 2173 156 2196; x_wconf 65' lang='grc' dir='ltr'>ιο</span> <span class='ocrx_word' id='word_1_250' title='bbox 171 2163 294 2206; x_wconf 84' lang='lat' dir='ltr'>scelus,</span> <span class='ocrx_word' id='word_1_251' title='bbox 313 2187 322 2197; x_wconf 87' lang='lat'><strong>.</strong></span> <span class='ocrx_word' id='word_1_252' title='bbox 341 2187 350 2196; x_wconf 90' lang='lat'><em>.</em></span> <span class='ocrx_word' id='word_1_253' title='bbox 371 2187 379 2196; x_wconf 91' lang='lat'>.</span> <span class='ocrx_word' id='word_1_254' title='bbox 399 2167 553 2204; x_wconf 84' lang='lat' dir='ltr'>poterat;</span> <span class='ocrx_word' id='word_1_255' title='bbox 579 2163 627 2195; x_wconf 86' lang='lat' dir='ltr'>ita</span> <span class='ocrx_word' id='word_1_256' title='bbox 645 2189 652 2196; x_wconf 94' lang='lat'>.</span> <span class='ocrx_word' id='word_1_257' title='bbox 670 2187 678 2196; x_wconf 88' lang='lat'><strong>.</strong></span> <span class='ocrx_word' id='word_1_258' title='bbox 700 2188 708 2197; x_wconf 88' lang='lat'><strong>.</strong></span> <span class='ocrx_word' id='word_1_259' title='bbox 726 2164 872 2205; x_wconf 86' lang='lat' dir='ltr'>iussum;</span> <span class='ocrx_word' id='word_1_260' title='bbox 892 2166 1006 2206; x_wconf 79' lang='lat' dir='ltr'>potius</span> <span class='ocrx_word' id='word_1_261' title='bbox 1023 2165 1231 2198; x_wconf 80' lang='lat' dir='ltr'>distinxerim</span> <span class='ocrx_word' id='word_1_262' title='bbox 1369 2176 1407 2207; x_wconf 87' lang='lat'>13</span> <span class='ocrx_word' id='word_1_263' title='bbox 1426 2167 1525 2198; x_wconf 86' lang='lat' dir='ltr'>iussit</span> 
     </span>
     <span class='ocr_line' id='line_1_32' title="bbox 116 2206 765 2240; baseline -0.002 0"><span class='ocrx_word' id='word_1_264' title='bbox 116 2206 271 2240; x_wconf 80' lang='lat' dir='ltr'>Weidner</span> <span class='ocrx_word' id='word_1_265' title='bbox 354 2207 484 2239; x_wconf 82' lang='lat' dir='ltr'>auxilio</span> <span class='ocrx_word' id='word_1_266' title='bbox 501 2207 562 2240; x_wconf 88' lang='lat' dir='ltr'><em>M:</em></span> <span class='ocrx_word' id='word_1_267' title='bbox 585 2208 688 2239; x_wconf 89' lang='lat' dir='ltr'>exilio</span> <span class='ocrx_word' id='word_1_268' title='bbox 705 2207 765 2239; x_wconf 90' lang='lat' dir='ltr'>M1</span> 
     </span>
     <span class='ocr_line' id='line_1_33' title="bbox 155 2250 1523 2295; baseline 0 -9"><span class='ocrx_word' id='word_1_269' title='bbox 155 2250 221 2294; x_wconf 84' lang='grc'>46.</span> <span class='ocrx_word' id='word_1_270' title='bbox 247 2261 268 2292; x_wconf 89' lang='grc'><strong>5</strong></span> <span class='ocrx_word' id='word_1_271' title='bbox 290 2256 450 2293; x_wconf 87' lang='lat' dir='ltr'>suspecta</span> <span class='ocrx_word' id='word_1_272' title='bbox 466 2250 510 2282; x_wconf 93' lang='lat' dir='ltr'><em>M</em></span> <span class='ocrx_word' id='word_1_273' title='bbox 616 2253 638 2283; x_wconf 89' lang='lat'><strong>6</strong></span> <span class='ocrx_word' id='word_1_274' title='bbox 660 2252 815 2284; x_wconf 84' lang='lat' dir='ltr'>savinum</span> <span class='ocrx_word' id='word_1_275' title='bbox 833 2251 875 2284; x_wconf 94' lang='lat' dir='ltr'><em>M</em></span> <span class='ocrx_word' id='word_1_276' title='bbox 988 2265 1027 2286; x_wconf 78' lang='grc' dir='ltr'>ιο</span> <span class='ocrx_word' id='word_1_277' title='bbox 1051 2254 1215 2295; x_wconf 85' lang='lat' dir='ltr'>manipuli</span> <span class='ocrx_word' id='word_1_278' title='bbox 1231 2263 1349 2295; x_wconf 85' lang='lat' dir='ltr'>sparsa</span> <span class='ocrx_word' id='word_1_279' title='bbox 1365 2253 1523 2286; x_wconf 77' lang='lat' dir='ltr'>Pichena:</span> 
     </span>
     <span class='ocr_line' id='line_1_34' title="bbox 113 2294 1523 2340; baseline 0.001 -12"><span class='ocrx_word' id='word_1_280' title='bbox 113 2295 299 2337; x_wconf 82' lang='lat' dir='ltr'>manipulis</span> <span class='ocrx_word' id='word_1_281' title='bbox 314 2305 392 2336; x_wconf 84' lang='lat' dir='ltr'>pars</span> <span class='ocrx_word' id='word_1_282' title='bbox 410 2294 452 2326; x_wconf 91' lang='lat' dir='ltr'><em>M</em></span> <span class='ocrx_word' id='word_1_283' title='bbox 555 2306 594 2336; x_wconf 88' lang='lat'>13</span> <span class='ocrx_word' id='word_1_284' title='bbox 618 2300 781 2336; x_wconf 75' lang='lat' dir='ltr'>quaestus</span> <span class='ocrx_word' id='word_1_285' title='bbox 799 2295 848 2337; x_wconf 91' lang='lat' dir='ltr'>M,</span> <span class='ocrx_word' id='word_1_286' title='bbox 869 2301 986 2330; x_wconf 87' lang='lat' dir='ltr'>notam</span> <span class='ocrx_word' id='word_1_287' title='bbox 1003 2297 1063 2330; x_wconf 81' lang='lat' dir='ltr'>del.</span> <span class='ocrx_word' id='word_1_288' title='bbox 1083 2298 1125 2329; x_wconf 93' lang='lat' dir='ltr'><em>M</em></span> <span class='ocrx_word' id='word_1_289' title='bbox 1134 2298 1144 2318; x_wconf 89' lang='lat'>¹</span> <span class='ocrx_word' id='word_1_290' title='bbox 1276 2307 1314 2338; x_wconf 87' lang='lat'>15</span> <span class='ocrx_word' id='word_1_291' title='bbox 1338 2298 1523 2340; x_wconf 75' lang='lat' dir='ltr'>valtionem</span> 
     </span>
     <span class='ocr_line' id='line_1_35' title="bbox 113 2339 1520 2381; baseline 0.003 -11"><span class='ocrx_word' id='word_1_292' title='bbox 113 2339 164 2379; x_wconf 87' lang='lat' dir='ltr'>M,</span> <span class='ocrx_word' id='word_1_293' title='bbox 180 2350 224 2372; x_wconf 87' lang='lat' dir='ltr'>va</span> <span class='ocrx_word' id='word_1_294' title='bbox 239 2339 357 2381; x_wconf 81' lang='lat' dir='ltr'>infine</span> <span class='ocrx_word' id='word_1_295' title='bbox 367 2340 514 2381; x_wconf 82' lang='lat' dir='ltr'>paginae</span> <span class='ocrx_word' id='word_1_296' title='bbox 671 2351 714 2372; x_wconf 88' lang='lat'>20</span> <span class='ocrx_word' id='word_1_297' title='bbox 738 2340 772 2371; x_wconf 89' lang='lat' dir='ltr'>in</span> <span class='ocrx_word' id='word_1_298' title='bbox 789 2340 877 2373; x_wconf 75' lang='lat' dir='ltr'>bella</span> <span class='ocrx_word' id='word_1_299' title='bbox 892 2340 1058 2373; x_wconf 81' lang='lat' dir='ltr'>Heinsius</span> <span class='ocrx_word' id='word_1_300' title='bbox 1235 2352 1273 2373; x_wconf 85' lang='lat'>21</span> <span class='ocrx_word' id='word_1_301' title='bbox 1301 2347 1475 2374; x_wconf 86' lang='lat' dir='ltr'>averteret</span> <span class='ocrx_word' id='word_1_302' title='bbox 1491 2342 1520 2375; x_wconf 91' lang='lat' dir='ltr'>I.</span> 
     </span>
     <span class='ocr_line' id='line_1_36' title="bbox 86 2383 1142 2425; baseline 0.003 -10"><span class='ocrx_word' id='word_1_303' title='bbox 86 2385 91 2390; x_wconf 95' lang='lat'>&#39;</span> <span class='ocrx_word' id='word_1_304' title='bbox 115 2383 324 2417; x_wconf 77' lang='lat' dir='ltr'>Gronovius:</span> <span class='ocrx_word' id='word_1_305' title='bbox 346 2388 518 2416; x_wconf 87' lang='lat' dir='ltr'>averteret</span> <span class='ocrx_word' id='word_1_306' title='bbox 535 2389 569 2416; x_wconf 90' lang='lat' dir='ltr'>et</span> <span class='ocrx_word' id='word_1_307' title='bbox 585 2384 626 2415; x_wconf 94' lang='lat' dir='ltr'><em>M</em></span> <span class='ocrx_word' id='word_1_308' title='bbox 757 2394 799 2424; x_wconf 86' lang='lat'>23</span> <span class='ocrx_word' id='word_1_309' title='bbox 824 2386 999 2425; x_wconf 84' lang='lat' dir='ltr'>profectus</span> <span class='ocrx_word' id='word_1_310' title='bbox 1017 2385 1142 2418; x_wconf 78' lang='lat' dir='ltr'>Miiller</span> 
     </span>
    </p>
   </div>
  </div>
 </body>
</html>
