1748 2826
190 139 209 177 1
229 147 284 186 43
673 140 949 180 CORNELII
979 141 1174 182 TACITI

231 248 306 288 niis
338 249 407 288 sed
442 249 590 288 latebra
622 248 818 289 inminens
849 250 1010 289 exitium
1043 251 1261 300 differebat,
1302 265 1393 291 cum
1426 253 1628 293 'advenere

232 312 354 352 missu
394 313 565 353 Othonis
603 314 838 353 nominatim
877 314 917 353 in
955 316 1120 355 caedem
1158 316 1242 355 eius
1289 317 1461 356 ardentis
1503 317 1630 369 Sulpi·

176 391 215 414 10
232 377 316 417 cius
347 379 484 417 Florus
514 392 536 418 e
566 378 801 418 Britannicis
831 380 1071 428 cohortibus,
1107 395 1233 432 nuper
1261 395 1284 420 a
1313 382 1442 421 Galba
1471 381 1627 422 civitate

232 444 415 491 donatus,
452 450 491 481 et
522 443 667 482 Statius
705 445 868 485 Murcus
908 446 1139 496 speculator,
1172 459 1196 485 a
1230 445 1375 497 quibus
1409 453 1628 498 protractus

234 507 326 546 Piso
346 507 386 546 in
407 507 555 547 foribus
576 508 711 559 templi
732 509 956 548 trucidatur.
998 547 1002 553 ,

160 580 215 618 44
394 574 555 612 Nullam
590 575 754 613 caedem
785 574 895 614 Otho
933 575 1081 614 maiore
1118 575 1266 615 laetitia
1303 575 1513 628 excepisse,
1546 577 1631 615 nul-

233 639 316 677 lum
349 645 468 689 caput
501 646 581 678 tam
613 639 899 679 insatiabilibus
933 640 1058 679 oculis
1089 642 1343 691 perlustrasse
1377 641 1528 690 dicitur,
1559 653 1630 681 seu

234 710 318 741 tum
356 702 527 754 primum
565 705 692 742 levata
725 704 834 742 omni
866 704 1131 744 sollicitudine
1162 719 1274 745 mens
1307 719 1446 746 vacare
1481 705 1630 757 gaudio

234 774 428 817 coeperat,
463 781 532 807 seu
576 768 795 808 recordatio
834 769 1047 808 maiestatis
1086 769 1127 808 in
1170 770 1309 818 Galba,
1349 769 1546 810 amicitiae
1589 769 1631 809 in

197 840 216 873 5
235 832 329 871 Tito
348 832 469 871 Vinio
496 833 674 884 quamvis
695 833 888 873 immitem
915 834 1090 873 animum
1117 834 1289 885 imagine
1317 834 1416 873 tristi
1444 835 1631 874 confude-

235 905 303 946 rat,
330 897 485 937 Pisonis
513 906 556 937 ut
582 898 730 938 inimici
758 906 797 938 et
820 898 964 938 aemuli
989 900 1111 938 caede
1140 898 1273 938 laetari
1303 898 1363 938 ius
1389 900 1526 950 fasque
1552 911 1632 939 cre-

234 964 368 1003 debat.
425 965 595 1015 praefixa
624 964 751 1003 contis
781 964 910 1016 capita
938 965 1191 1015 gestabantur
1219 964 1320 1003 inter
1353 964 1463 1016 signa
1495 965 1633 1004 cohor-

236 1029 334 1068 tium
363 1028 471 1068 iuxta
499 1029 673 1080 aquilam
695 1029 884 1080 legionis,
919 1028 1097 1069 certatim
1127 1028 1418 1077 ostentantibus
1451 1035 1632 1069 cruentas

237 1107 377 1133 manus
410 1093 479 1145 qui
517 1094 754 1142 occiderant,
795 1093 864 1144 qui
902 1093 1167 1142 interfuerant,
1200 1092 1270 1143 qui
1307 1106 1397 1132 vere
1435 1092 1503 1144 qui
1533 1093 1634 1133 salso

180 1172 220 1194 10
237 1166 280 1198 ut
308 1160 518 1210 pulchrum
548 1166 587 1198 et
616 1158 872 1198 memorabile
900 1157 1052 1197 facinus
1083 1157 1292 1197 iactabant.
1350 1159 1481 1209 plures
1511 1170 1633 1209 quam

237 1231 398 1263 centum
437 1222 573 1274 viginti
607 1222 761 1262 libellos
795 1221 1013 1273 praemium
1045 1223 1344 1272 exposcentium
1375 1222 1428 1261 ob
1458 1221 1633 1273 aliquam

238 1288 453 1329 notabilem
492 1288 558 1327 illa
591 1287 656 1327 die
693 1300 855 1338 operam
893 1286 1075 1327 Vitellius
1113 1294 1252 1339 postea
1288 1286 1450 1336 invenit,
1489 1286 1634 1327 omnis—

238 1368 316 1406 que
344 1353 524 1405 conquiri
553 1360 592 1393 et
622 1352 787 1392 interfici
815 1352 938 1402 iussit,
974 1366 1056 1392 non
1086 1352 1229 1392 honori
1257 1353 1422 1402 Galbae,
1457 1354 1528 1392 sed
1561 1359 1634 1392 tra-

238 1420 322 1460 dito
343 1419 588 1471 principibus
616 1431 726 1458 more
752 1418 1044 1459 munimentum
1068 1418 1122 1458 ad
1144 1430 1341 1470 praesens,
1362 1417 1404 1456 in
1430 1423 1631 1469 posterum

181 1502 219 1535 15
238 1484 441 1525 ultionem.

166 1558 222 1599 45
401 1549 535 1589 Alium
564 1551 743 1590 crederes
770 1556 962 1598 senatum,
991 1547 1114 1589 alium
1139 1549 1358 1601 populum:
1397 1560 1508 1588 ruere
1541 1560 1634 1587 cun-

238 1615 292 1656 cti
325 1615 366 1655 in
395 1622 531 1663 castra,
563 1615 711 1655 anteire
739 1613 950 1666 proximos,
981 1621 1129 1654 certare
1157 1627 1248 1653 cum
1279 1612 1630 1665 praecurrentibus,

238 1680 442 1731 increpare
463 1680 644 1727 Galbam,
667 1680 826 1718 laudare
851 1678 1019 1718 militum
1046 1678 1248 1727 iudicium,
1268 1678 1484 1718 exosculari
1510 1678 1634 1718 Otho-

239 1745 301 1785 nis
327 1759 519 1794 manum3
548 1752 777 1796 quantoque
807 1743 930 1794 magis
951 1745 1047 1782 falsa
1075 1750 1184 1782 erant
1208 1756 1310 1794 quae
1336 1743 1494 1790 fiebant,
1523 1748 1633 1781 tanto

203 1824 221 1857 5
239 1811 351 1862 plura
388 1811 527 1849 facere.
596 1822 670 1848 nec
707 1808 989 1859 aspernabatur
1026 1807 1200 1858 singulos
1239 1808 1361 1856 Otho,
1396 1807 1558 1847 avidum
1594 1813 1634 1846 et

240 1874 437 1914 minacem
458 1874 627 1913 militum
647 1873 823 1913 animum
845 1886 943 1913 voce
958 1874 1148 1923 vultuque
1168 1879 1400 1927 temperans.
1461 1871 1635 1911 Marium

240 1940 415 1988 Celsum,
445 1941 650 1978 consulem
681 1938 930 1989 designatum
959 1945 998 1977 et
1032 1938 1185 1977 Galbae
1213 1949 1339 1987 usque
1368 1936 1409 1975 in
1443 1943 1658 1984 extremas,

239 2018 301 2045 res
331 2005 504 2044 amicum
544 2006 760 2055 fidumque,
803 2005 855 2043 ad
894 2002 1131 2055 supplicium
1169 2003 1484 2054 expostulabant,
1522 1999 1637 2042 indu·

239 2116 261 2147 9
283 2105 435 2137 ardentis
458 2103 641 2135 Heinsius:
676 2103 837 2134 ardentes
856 2102 898 2133 M
1063 2112 1104 2134 10
1125 2112 1145 2133 a
1167 2111 1232 2134 om.
1258 2099 1305 2141 M,
1331 2099 1555 2142 superscripffl't
1574 2097 1638 2130 ΜΞ

244 2159 282 2180 12
307 2148 495 2180 trucidatus
511 2147 553 2178 M
565 2159 572 2178 :
596 2147 786 2178 trucidatus
802 2151 855 2178 est
870 2145 982 2178 Halm
1043 2169 1045 2171 -

285 2200 350 2234 44.
377 2202 397 2231 3
421 2200 543 2231 vagare
569 2189 611 2220 M
786 2198 806 2229 5
831 2189 977 2229 imagine
1000 2187 1049 2232 M,
1078 2199 1157 2222 corr.
1180 2186 1223 2219 Μ
1227 2187 1237 2207 ¹
1417 2187 1463 2219 sic
1485 2185 1639 2218 distinxit

240 2235 438 2267 Acidaliusz
464 2234 681 2266 confuderat:
708 2233 843 2264 Pisonis
859 2233 959 2274 vulgo
1083 2243 1108 2274 9
1128 2232 1230 2274 quive
1244 2241 1326 2264 vere
1441 2240 1480 2262 12
1504 2228 1561 2261 ina
1578 2229 1634 2260 die

243 2279 284 2310 M
290 2279 324 2310 ¹:
357 2279 412 2309 illo
440 2278 475 2308 in
501 2277 653 2318 margine
669 2276 710 2307 M
717 2276 754 2307 ¹:
788 2276 845 2307 illa
871 2277 927 2308 die
949 2275 994 2309 M
1076 2275 1234 2308 vetellius
1256 2275 1299 2307 M
1451 2282 1489 2312 13
1512 2271 1635 2303 honori

242 2321 442 2364 Nipperdey:
466 2321 594 2352 honore
610 2318 660 2359 M,
678 2319 787 2353 Halm

243 2410 264 2440 8
287 2371 348 2439 4ds.
376 2375 396 2394 2
419 2369 500 2439 alate
516 2364 590 2395 hire
608 2362 650 2394 M
733 2374 753 2402 4
778 2361 957 2396 flebantM
1043 2372 1064 2405 7
1084 2361 1182 2396 celso
1196 2359 1369 2394 consulem
1386 2358 1392 2402 Ι
1413 2359 1581 2399 signatum
1596 2356 1638 2388 M

286 2419 305 2440 a
345 2418 412 2440 om.
