1748 2826
208 143 316 191 1115
737 147 1013 187 CORNELII
1043 149 1238 189 TACITI
1268 208 1274 213 ἢ

291 255 442 304 Raetia,
474 257 535 296 cui
570 257 732 297 Porcius
765 258 1007 310 Septiminus
1041 267 1270 311 procurator
1307 267 1400 309 erat,
1433 260 1680 312 incorruptae

287 334 378 372 erga
407 321 612 361 Vitellium
645 322 749 362 fidei.
806 323 922 374 igitur
950 324 1132 364 Sextilius
1159 325 1269 364 Felix
1298 339 1389 365 cum
1417 327 1480 365 ala
1507 325 1681 365 Auriana

288 393 326 425 et
356 394 448 426 octo
481 387 711 426 cohortibus
741 402 787 427 ae
822 389 1060 428 Noricorum
1090 389 1295 430 iuventute
1322 391 1375 430 ad
1404 390 1681 442 occupandam

287 451 413 502 ripam
432 451 536 491 Aeni
563 452 748 501 fluminis,
769 454 879 504 quod
910 455 1058 493 Raetos
1088 454 1338 506 Noricosque
1367 454 1565 504 interfluit,
1590 455 1681 494 mis-

231 529 267 561 ¹5
287 529 364 555 sus.
416 530 490 556 nec
516 515 576 556 his
604 524 672 556 aut
698 517 773 556 illis
797 518 990 569 proelium
1015 519 1311 571 temptantibus,
1334 521 1490 559 fortuna
1509 519 1679 572 partium

286 581 379 620 alibi
401 589 607 621 transacta.
1487 580 1489 582 ’

237 648 266 686 6
447 649 626 688 Antonio
645 649 862 689 vexillarios
889 663 910 689 e
936 649 1166 690 cohortibus
1192 658 1231 690 et
1254 657 1407 702 partem
1426 648 1605 702 equitum
1623 649 1676 690 ad

285 711 552 752 invadendam
575 714 729 754 Italiam
750 715 916 766 rapienti
935 729 1070 771 comes
1089 715 1162 755 fuit
1181 715 1317 755 Arrius
1337 717 1475 764 Varus,
1498 721 1680 757 strenuus

286 777 402 825 bello,
425 791 546 829 quam
568 780 733 830 gloriam
751 787 792 819 et
818 781 898 819 dux
922 781 1099 821 Corbulo
1118 788 1158 820 et
1187 794 1398 832 prosperae
1422 780 1464 820 in
1487 780 1679 822 Armenia

285 856 345 882 res
364 843 612 884 addiderant.
671 844 779 884 idem
803 845 961 884 secretis
987 846 1094 896 apud
1124 846 1326 885 Neronem
1353 845 1604 886 sermonibus
1627 847 1679 886 fe-

247 920 264 953 5
284 907 441 947 rebatur
472 909 714 949 Corbulonis
742 909 905 949 virtutes
942 909 1170 950 criminatus
1185 923 1196 960 ;
1242 911 1352 950 unde
1383 910 1522 951 infami
1552 911 1676 962 gratia

283 973 455 1023 primum
486 973 611 1024 pilum
641 975 788 1025 adepto
810 975 913 1013 laeta
940 975 992 1013 ad
1026 988 1211 1026 praesens
1239 976 1344 1015 male
1375 982 1487 1026 parta
1514 984 1608 1016 mox
1634 975 1677 1016 in

283 1037 497 1088 perniciem
528 1045 688 1078 vertere.
749 1040 819 1078 sed
851 1039 1004 1078 Primus
1032 1053 1079 1078 ac
1109 1041 1238 1079 Varus
1265 1047 1462 1092 occupata
1492 1039 1678 1092 Aquileia

274 1109 350 1153 per
373 1102 551 1153 proxima
580 1116 763 1154 quaeque
783 1110 822 1142 et
843 1103 1034 1155 Opitergii
1064 1111 1103 1143 et
1127 1105 1251 1144 Altini
1274 1103 1553 1144 laetis-animis
1572 1100 1677 1145 sacci·

282 1166 453 1217 piuntur.
513 1167 692 1207 relictum
722 1167 846 1207 Altini
875 1168 1115 1219 praesidium
1143 1170 1332 1209 adversus
1357 1169 1492 1209 classis
1522 1171 1677 1210 Raven-

226 1239 265 1271 ro
283 1231 384 1271 natis
403 1237 569 1281 conatus,
592 1234 773 1272 nondum
797 1233 1020 1273 defectione
1046 1233 1129 1272 eius
1148 1233 1294 1273 audita.
1351 1234 1446 1274 inde
1471 1234 1674 1275 Patavium

281 1304 321 1336 et
350 1300 488 1337 Ateste
516 1296 693 1348 partibus
723 1297 947 1337 adiunxere.
1006 1297 1085 1337 illic
1113 1297 1317 1349 cognitum
1346 1298 1414 1338 tris
1442 1298 1675 1340 Vitellianas

280 1363 455 1403 cohortis
489 1370 527 1402 et
566 1365 679 1410 alam,
716 1362 781 1402 cui
811 1363 1052 1404 Sebosianae
1083 1376 1244 1412 nomen,
1275 1365 1329 1403 ad
1361 1365 1510 1403 Forum
1542 1363 1675 1404 Alieni

280 1435 402 1479 ponte
417 1430 552 1468 iuncto
589 1428 828 1468 consedisse.
891 1428 1041 1480 placuit
1068 1428 1227 1469 occasio
1260 1428 1476 1469 invadendi
1508 1428 1675 1469 incurio-

280 1507 369 1543 sos;
398 1508 490 1533 nam
515 1494 556 1533 id
583 1506 744 1546 quoque
762 1492 1029 1534 nuntiabatur.
1085 1494 1176 1534 luce
1193 1493 1320 1546 prima
1338 1493 1512 1534 inermos
1531 1495 1675 1546 pleros-

222 1572 261 1605 15
280 1573 359 1610 que
396 1573 636 1611 oppressere.
706 1559 953 1611 praedictum
997 1565 1041 1599 ut
1083 1558 1220 1611 paucis
1262 1558 1478 1599 interfectis
1522 1567 1673 1599 ceteros

279 1637 424 1675 pavore
454 1626 506 1664 ad
540 1626 772 1664 mutandam
803 1625 925 1664 fidem
959 1631 1154 1676 cogerent.
1212 1631 1252 1664 et
1281 1625 1390 1664 fuere
1419 1623 1489 1676 qui
1525 1629 1569 1664 se
1600 1632 1673 1665 sta-

280 1688 349 1727 tim
377 1690 590 1731 dederent:
620 1691 751 1741 plures
770 1691 940 1741 abrupto
959 1698 1082 1741 ponte
1106 1689 1267 1730 instanti
1295 1689 1401 1731 hosti
1419 1689 1523 1730 viam
1542 1691 1674 1730 abstu-

278 1755 419 1794 lerunt.
476 1754 667 1806 principia
687 1755 781 1794 belli
801 1757 1022 1795 secundum
1044 1754 1250 1795 Flavianos
1271 1756 1373 1795 data.

281 1867 316 1888 11
344 1856 538 1897 incorrupte
555 1857 598 1888 M
729 1868 767 1898 13
792 1859 1005 1900 occupandas
1021 1859 1070 1900 M,
1090 1869 1168 1891 corr.
1185 1858 1239 1890 M¹
1375 1869 1414 1898 14
1436 1858 1524 1890 Aeni
1540 1859 1672 1891 Rhena-

278 1910 344 1931 nus
358 1911 365 1931 :
389 1901 487 1931 rheni
504 1900 548 1931 M
631 1901 769 1933 missum
786 1902 829 1933 M
959 1912 997 1943 15
1021 1903 1050 1934 is
1067 1903 1110 1934 M

323 1942 359 1975 6.
383 1953 403 1983 3
421 1944 471 1986 et]
490 1945 521 1975 ei
538 1942 683 1986 Lipsius,
703 1946 771 1977 coll.
792 1956 820 1978 c.
844 1957 893 1979 11.
913 1957 933 1977 2
1014 1956 1177 1987 prospere
1194 1946 1236 1977 M
1338 1947 1361 1977 6
1383 1945 1470 1978 male
1486 1950 1584 1987 parta
1598 1947 1669 1979 secl.

278 1986 462 2019 Prammer
511 1992 662 2028 paratam
674 1988 723 2029 M,
738 1999 816 2022 corr.
832 1990 888 2020 Ml
970 2001 987 2031 7
1011 1990 1208 2031 perniceem
1218 1994 1368 2023 verteret
1379 1990 1430 2030 M,
1439 2000 1520 2022 corr.
1530 1989 1597 2031 M1,
1611 1989 1669 2022 M²

277 2030 390 2061 varius
405 2030 448 2061 M
596 2033 616 2063 8
641 2042 702 2072 per
717 2032 844 2064 addidit
857 2034 974 2065 Baiter
1079 2044 1234 2075 quaeque
1251 2034 1407 2075 proxima
1421 2033 1502 2066 com'.
1525 2032 1673 2065 Walther

277 2084 299 2114 9
321 2074 424 2114 alpini
442 2074 485 2105 M
581 2075 699 2108 classis
716 2078 918 2117 ravennatis!
937 2078 995 2110 M:
1020 2078 1161 2110 classem
1186 2077 1422 2110 Ravennatem
1438 2076 1497 2110 det.
1630 2087 1671 2108 10

278 2123 418 2149 conatus
434 2118 543 2159 suppl.
562 2118 730 2158 Heinisch,
749 2127 874 2153 metum
896 2122 971 2154 Van
987 2121 1047 2155 der
1062 2122 1144 2154 Vliet
1291 2132 1327 2154 11
1352 2121 1475 2154 Ateste
1491 2121 1530 2153 b:
1554 2126 1669 2154 aceste

278 2160 321 2191 M
442 2172 482 2192 12
506 2167 540 2194 et
557 2174 622 2197 om.
643 2164 687 2195 M
771 2166 927 2207 alamque
942 2166 974 2197 b²
1016 2166 1019 2169 ’
1064 2166 1273 2198 Sebosianae
1289 2165 1489 2208 Nipperdey:
1512 2165 1669 2197 sebenia-

278 2214 342 2235 nae
357 2204 401 2235 M
544 2216 582 2246 15
608 2218 773 2249 oppresse
790 2209 833 2240 M
997 2211 1036 2242 18
1059 2211 1224 2251 principia
1240 2210 1438 2251 (p’rincipia
1452 2210 1502 2248 M,
1518 2210 1575 2242 ate.
1593 2213 1668 2248 post

277 2248 443 2289 principia
461 2253 499 2281 ut
512 2254 559 2281 est
571 2252 605 2282 in
622 2252 655 2292 b)
674 2276 681 2284 .
701 2277 709 2285 .
730 2276 738 2284 .
753 2254 830 2285 data
848 2253 913 2285 huc
926 2255 1096 2286 transtulit
1109 2253 1302 2296 Nipperdey,
1315 2255 1376 2295 qui
1386 2258 1463 2295 post
1479 2257 1519 2286 ut
1530 2253 1668 2294 signum

276 2294 540 2334 transpositzbms
556 2294 710 2327 iudicavit
727 2307 733 2327 :
758 2297 937 2337 p'rincipia
957 2322 965 2330 .
981 2322 990 2330 .
1011 2321 1019 2330 .
1038 2298 1116 2329 data
1131 2298 1167 2329 in
1179 2297 1280 2329 codice
1287 2300 1364 2339 post
1377 2297 1512 2337 vulgata
1527 2296 1668 2328 victoria

278 2338 490 2376 reperiuntur.
546 2342 681 2369 servant
699 2340 787 2371 lnmc
812 2341 983 2371 verborum
1007 2341 1164 2373 ordinem.
1193 2352 1235 2374 sc.
1261 2341 1396 2380 vulgata
1422 2340 1564 2374 victoria
1589 2344 1667 2380 post

278 2379 442 2420 principia
459 2384 510 2414 etc.
525 2381 670 2423 plerique
685 2382 753 2414 edd.
847 2384 924 2415 data
940 2384 1127 2415 Rhenanus
1142 2396 1149 2416 :
1173 2385 1273 2416 datae
1289 2384 1332 2416 M
