1748 2826
0 572 14 807 ν’·-ι-ντιῑἫ-’κεπν-ἰι-
0 554 1 557 ⁴
0 539 4 541 ’
0 510 6 523 ‘r
0 480 2 482 ·
5 455 10 467 υ
3 406 6 407 ¹
0 379 2 381 ·

0 1126 6 1141 <¹
0 1099 6 1121 ““
0 992 11 1091 ''ww-³?
0 894 12 986 ’ππ-νηπυ-
0 828 11 887 .-”-·ι.ι’
0 810 3 821 ⁷

457 129 868 170 HISTORIARVM
900 129 1073 168 LIBER
1103 129 1170 167 III
1449 127 1589 168 11161
1638 156 1643 162 .

110 241 310 298 praesidio
333 238 716 295 quadringentorum
737 242 920 292 equitum
949 241 1086 283 teneri.
1144 241 1288 280 missus
1318 242 1520 291 extemplo

110 311 240 350 Varus
276 321 370 349 cum
403 306 588 360 expedita
620 320 742 346 manu
775 319 925 358 paucos
959 306 1265 358 repugnantium
1301 305 1496 345 interfecit
1511 320 1523 353 ;

109 375 241 427 plures
263 372 430 413 abiectis
454 373 574 412 armis
607 373 765 412 veniam
796 371 982 423 petivere.
1040 372 1205 423 quidam
1229 370 1272 410 in
1308 378 1436 410 castra
1466 382 1522 410 re-

109 437 191 491 fugi
209 444 355 478 cuncta
380 436 594 477 formidine
619 436 852 489 implebant,
874 437 1061 488 augendo
1087 436 1315 476 rumoribus
1335 436 1522 476 virtutem

103 503 327 556 copiasque
365 502 554 552 hostium,
595 516 676 554 quo
719 501 854 542 amissi
893 501 1079 554 praesidii
1118 504 1296 543 dedecus
1337 502 1519 543 lenirent.
1546 517 1587 541 10

107 582 184 611 nec
213 570 295 610 ulla
320 570 431 621 apud
459 568 696 609 Vitellianos
726 568 862 620 flagitii
893 582 1036 620 poena,
1064 575 1106 609 et
1134 568 1319 620 praemiis
1349 570 1524 608 defecto-

108 647 197 676 rum
215 647 328 676 versa
347 635 448 675 fides
471 648 519 675 ac
538 634 735 686 reliquum
756 635 946 686 perfidiae
966 641 1180 675 certamen.
1238 635 1376 674 crebra
1400 641 1524 675 trans-

109 701 216 753 rugia
233 700 486 749 tribunorum
506 701 893 751 centurionumque3
922 713 1016 740 nam
1041 699 1241 752 gregarius
1268 699 1382 740 miles
1409 702 1525 742 indu·

109 773 238 807 ruerat
266 780 340 819 pro
367 765 541 815 Vitellio,
573 767 705 807 donec
735 765 893 806 Priscus
922 772 962 806 et
990 767 1160 805 Alfenus
1188 765 1356 806 desertis
1384 768 1522 806 castris

108 834 163 874 ad
181 832 388 874 Vitellium
408 831 573 885 regressi
594 833 750 884 pudore
769 830 1007 884 proditionis
1028 839 1196 872 cunctos
1216 833 1455 872 exolverent.
1546 843 1585 875 15

274 899 411 939 Isdem
435 898 580 938 diebus
610 897 759 938 Fabius
779 898 931 938 Valens
950 897 1095 937 Vrbini
1124 898 1166 936 in
1189 899 1377 939 custodia
1404 897 1522 938 inter-
1542 896 1599 936 62

106 964 250 1004 ficitur.
305 970 430 1016 'caput
450 963 535 1003 eius
555 962 780 1003 Vitellianis
807 963 1041 1003 cohortibus
1061 969 1306 1003 ostentatum
1327 977 1380 1004 ne
1398 977 1522 1016 quam

109 1030 211 1070 ultra
241 1041 354 1081 spem
379 1030 583 1078 foverent3
617 1042 709 1068 narn
735 1028 954 1080 pervasisse
983 1028 1025 1067 in
1054 1028 1289 1069 Germanias
1309 1030 1523 1069 Valentem

109 1101 151 1134 et
169 1102 321 1135 veteres
341 1094 421 1134 illic
447 1107 656 1146 novosque
676 1094 871 1134 exercitus
895 1094 999 1135 ciere
1018 1095 1262 1135 credebant:
1296 1093 1380 1134 visa
1398 1096 1524 1135 caede

109 1159 152 1200 in
172 1159 493 1212 desperationem
513 1161 625 1200 versi.
695 1168 735 1200 et
757 1159 969 1200 Flavianus
991 1160 1184 1200 exercitus
1205 1159 1382 1200 immane
1402 1173 1524 1212 quan·
1545 1178 1563 1210 5

109 1233 196 1266 tum
223 1233 334 1266 aucto
352 1226 490 1266 animo
512 1226 676 1267 exitium
697 1226 880 1266 Valentis
902 1234 947 1266 ut
969 1227 1090 1266 finem
1115 1226 1212 1266 belli
1233 1226 1398 1278 accepit.
1458 1240 1524 1266 na-

109 1298 175 1332 tus
207 1298 290 1332 erat
321 1293 471 1332 Valens
505 1291 715 1344 Anagniae
747 1291 920 1344 equestri
950 1291 1109 1331 familia.
1166 1305 1315 1344 procax
1343 1291 1522 1332 moribus

110 1369 244 1409 neque
273 1357 488 1398 absurdus
528 1358 691 1410 ingenio
731 1359 878 1398 famam
926 1357 1162 1397 urbanitatis
1203 1371 1274 1410 per
1320 1357 1522 1397 lasciviam

111 1429 256 1475 petere.
313 1423 469 1464 ludicro
496 1423 749 1464 Iuvenalium
776 1424 852 1464 sub
881 1425 1045 1464 Nerone
1065 1425 1172 1464 velut
1198 1438 1247 1464 ex
1272 1425 1521 1471 necessitate,

111 1502 206 1530 mox
239 1497 382 1542 sponte
413 1489 558 1530 mimos
578 1489 768 1539 actitavit,
793 1489 891 1530 scite
918 1491 1043 1542 magis
1073 1503 1193 1542 quam
1228 1489 1363 1541 probe.
1424 1491 1524 1541 lega·
1546 1504 1588 1528 10

110 1562 175 1596 tus
202 1555 371 1608 legionis
394 1563 434 1595 et
458 1557 557 1596 fovit
582 1555 816 1608 Verginium
842 1563 881 1596 et
904 1555 1135 1605 infamavit3
1166 1555 1379 1595 Fonteium
1408 1555 1525 1606 Capi-

110 1627 250 1661 tonem
269 1628 512 1674 corruptum,
539 1635 610 1662 seu
635 1621 729 1673 quia
755 1635 1009 1673 corrumpere
1036 1621 1279 1674 nequiverat,
1303 1621 1524 1662 interfecit:

112 1687 268 1728 Galbae
286 1688 476 1740 proditor,
498 1687 662 1727 Vitellio
682 1689 786 1728 fidus
807 1695 845 1728 et
865 1687 1034 1728 aliorum
1055 1688 1221 1739 perfidia
1242 1688 1485 1727 inlustratus.

274 1753 457 1805 Abrupta
498 1753 678 1805 undique
725 1767 795 1805 spe
837 1753 1075 1793 Vitellianus
1122 1755 1236 1794 miles
1287 1753 1524 1793 transiturus
1543 1752 1603 1803 63

110 1817 152 1859 in
177 1818 312 1872 partis,
343 1818 386 1859 id
416 1832 579 1871 quoque
608 1832 690 1858 non
716 1819 802 1859 sine
829 1821 987 1867 decore,
1019 1820 1089 1859 sed
1111 1819 1185 1858 sub
1214 1819 1335 1870 signis
1359 1819 1526 1860 vexillis-

111 1897 191 1936 que
216 1884 259 1924 in
284 1883 487 1925 subiectos
514 1885 689 1925 Narniae
715 1898 879 1936 campos
907 1886 1164 1925 descendere.
1223 1884 1435 1925 Flavianus
1462 1899 1525 1925 ex-

111 1949 268 2000 ercitus,
308 1957 353 1991 ut
389 1951 442 1990 ad
485 1950 681 2002 proelium
720 1950 896 1990 intentus
939 1958 1206 2001 armatusque,
1246 1950 1381 1990 densis
1419 1949 1524 1990 circa

110 2016 215 2056 viam
246 2016 455 2058 ordinibus
484 2016 702 2057 adstiterat.
773 2016 925 2068 accepti
953 2015 993 2055 in
1026 2016 1205 2056 medium
1234 2015 1450 2064 Vitelliani,
1484 2024 1522 2056 et
1544 2027 1562 2060 5

111 2129 134 2194 Ξ
155 2119 391 2170 augendorum
407 2118 576 2152 oribusM
585 2131 592 2152 :
618 2119 853 2160 augendorum
872 2119 1022 2151 moribus
1040 2119 1082 2150 M
1086 2119 1097 2140 ¹
1214 2128 1254 2151 12
1277 2129 1378 2152 versa
1394 2119 1429 2151 F
1426 2119 1523 2151 reins-

134 2173 223 2239 αέα..
242 2162 490 2250 ἔεὲξεεῐῆίίειωι·
504 2207 555 2249 Μ,
574 2218 653 2240 corr.
674 2207 716 2239 M
720 2207 730 2228 ¹
844 2209 866 2238 6
889 2213 989 2239 aucto
1006 2207 1084 2239 add.
1108 2207 1250 2240 Haase:
1273 2208 1387 2239 animo
1402 2213 1522 2240 auctus

112 2249 290 2282 Acidale'us
442 2261 465 2291 9
487 2256 609 2293 petere
625 2256 663 2283 ut
679 2250 809 2283 videtur
824 2251 865 2282 M
869 2251 877 2272 ¹
895 2264 900 2283 z
928 2256 1063 2292 peteret
1080 2251 1122 2282 M
1263 2253 1297 2283 ni
1316 2252 1436 2283 samam
1453 2275 1462 2284 .
1484 2276 1492 2284 .
1512 2277 1519 2284 .

113 2299 248 2336 peteret
273 2294 405 2327 Halm:
437 2306 513 2328 cum
534 2319 542 2327 .
563 2321 570 2328 .
592 2321 599 2329 .
619 2300 754 2336 peteret
779 2295 923 2327 malebat
945 2295 1129 2337 Nipperdey
1287 2314 1290 2315 ν
1308 2295 1519 2327 Iuvenalium

113 2338 269 2380 Lipsius:
294 2340 452 2372 iuvenum
470 2339 514 2371 M

157 2381 219 2423 63.
246 2393 268 2414 2
290 2383 394 2425 idque
410 2383 586 2416 Ao‘dalins
668 2384 879 2425 vexillisque,
896 2383 928 2415 in
945 2384 1092 2424 fortasse
1111 2385 1227 2416 rectius
1241 2384 1391 2416 dist1·nx.:'t
1414 2383 1523 2414 Rr'tter

113 2435 135 2468 4
158 2431 307 2461 amatus
324 2428 366 2460 M
368 2428 378 2449 ¹
397 2428 432 2461 in
450 2429 618 2473 margine:
647 2433 855 2474 ornatusque
872 2428 915 2461 M
1045 2438 1064 2472 5
1091 2428 1274 2461 adsisterat
1292 2429 1334 2462 M
