1748 2826
0 0 236 132 W

99 259 252 301 vidium
278 264 320 302 et
349 259 516 313 Eprium
544 272 636 299 acre
663 258 857 310 iurgium:
898 257 1055 297 Priscus
1090 256 1180 308 eligi
1214 255 1452 296 nominatim
1483 269 1508 294 a

99 324 392 378 magistratibus
419 325 566 374 iuratis,
596 325 812 364 Marcellus
840 336 982 363 urnam
1011 322 1250 374 postulabat,
1280 335 1382 373 quae
1414 334 1507 361 con-

99 389 195 431 sulis
220 388 418 442 designati
445 388 642 430 sententia
670 390 807 429 fuerat.
1528 402 1567 435 15

261 454 343 495 Sed
370 454 551 494 Marcelli
577 453 754 494 studium
778 453 959 506 proprius
986 454 1107 493 rubor
1133 452 1330 493 excitabat
1350 465 1401 491 ne
1420 451 1506 490 aliis
1525 460 1548 500 7

98 519 236 561 electis
271 518 526 572 posthabitus
562 520 799 560 crederetur.
867 519 1139 570 paulatimque
1177 530 1247 569 per
1291 516 1509 557 altercatio-

97 597 194 626 nem
223 585 279 626 ad
308 584 519 625 continuas
551 592 590 625 et
623 586 785 625 infestas
817 583 1016 624 orationes
1047 582 1223 635 provecti
1256 579 1359 630 sunt,
1393 595 1511 633 quae-

99 656 212 692 rente
250 649 445 692 Helvidio
489 650 587 703 quid
629 650 684 690 ita
723 651 938 690 Marcellus
976 649 1170 689 iudicium
1209 648 1511 700 magistratuum

50 709 57 719 ’
98 724 351 769 pavesceret:
393 729 480 757 esse
515 716 570 756 illi
603 716 817 768 pecuniam
852 723 891 756 et
925 715 1207 767 eloquentiam,
1244 714 1333 766 quis
1362 715 1510 753 multos
1530 730 1548 762 5

98 781 278 831 anteiret,
317 780 362 823 ni
398 782 592 823 memoria
630 780 871 833 flagitiorum
915 788 1129 831 urgeretur.
1186 787 1290 820 sorte
1329 786 1368 819 et
1412 791 1514 818 urna

100 859 232 888 mores
258 859 343 888 non
371 846 566 887 discerni:
606 845 788 898 suffragia
823 853 862 886 et
893 844 1228 885 existimationem
1262 851 1423 884 senatus
1456 855 1514 884 re-

99 919 211 964 perta
237 918 283 953 ut
309 911 352 952 in
377 913 572 965 cuiusque
591 913 714 951 vitam
739 907 968 962 famamque
994 917 1257 962 penetrarent.
1315 908 1513 962 pertinere

99 977 154 1018 ad
179 975 393 1017 utilitatem
425 976 482 1017 rei
508 976 706 1028 publicae,
731 975 928 1028 pertinere
956 977 1009 1016 ad
1035 975 1273 1028 Vespasiani
1301 977 1510 1024 honorem,

100 1054 308 1083 occurrere
340 1040 396 1081 illi
429 1055 532 1094 quos
566 1040 915 1082 innocentissimos
951 1048 1112 1081 senatus
1147 1041 1304 1089 habeat,
1341 1042 1411 1093 qui
1443 1041 1513 1082 ho-
1533 1055 1575 1080 10

100 1108 224 1148 nestis
257 1107 509 1162 sermonibus
539 1107 644 1148 auris
675 1107 924 1160 imperatoris
958 1107 1151 1147 imbuant.
1211 1106 1332 1147 fuisse
1363 1108 1514 1160 Vespa-

101 1171 216 1213 siano
243 1172 460 1213 amicitiam
495 1186 588 1213 cum
621 1174 811 1223 Thrasea,
843 1174 1009 1221 Sorano,
1040 1173 1207 1222 Senti03
1246 1185 1419 1224 quorum
1451 1187 1516 1214 ac-

0 1279 6 1283 *
101 1245 303 1278 cusatores
332 1237 452 1278 etiam
482 1238 514 1278 si
543 1237 674 1290 puniri
703 1251 786 1278 non
807 1245 999 1290 oporteat,
1022 1237 1212 1278 ostentari
1239 1249 1326 1279 non
1350 1238 1512 1279 debere.

0 1294 6 1299 ’
60 1339 65 1345 .
101 1303 179 1343 hoc
211 1310 373 1344 senatus
404 1302 555 1344 iudicio
583 1305 691 1344 velut
721 1303 931 1344 admoneri
964 1302 1187 1355 principem
1220 1316 1325 1355 quos
1358 1304 1513 1356 probet,

101 1382 203 1421 quos
233 1370 473 1411 reformidet.
532 1370 687 1409 nullum
720 1369 848 1409 maius
880 1369 978 1409 boni
1013 1368 1169 1421 imperii
1204 1369 1514 1409 instrumentum
1538 1380 1587 1418 15*

101 1447 224 1488 quam
251 1435 383 1476 bonos
411 1434 562 1476 amicos
586 1448 684 1476 esse.
744 1435 839 1476 satis
869 1436 1065 1475 Marcello
1097 1436 1208 1487 quod
1238 1437 1443 1475 Neronem
1473 1435 1515 1475 in

100 1500 266 1542 exitium
293 1508 352 1543 tot
380 1500 656 1542 innocentium
686 1502 911 1554 impulerit:
940 1504 1134 1543 frueretur
1162 1502 1347 1554 praemiis
1377 1510 1417 1543 et
1445 1501 1515 1542 im-

101 1566 294 1620 punitate,
315 1567 608 1621 Vespasianum
630 1568 860 1609 melioribus
880 1568 1132 1620 relinqueret.

265 1634 482 1674 Marcellus
514 1648 597 1675 non
626 1647 739 1674 suam
772 1635 1011 1674 sententiam
1046 1634 1282 1686 impugnari,
1317 1634 1388 1674 sed
1421 1646 1514 1673 con·
1535 1641 1560 1680 8

102 1698 231 1738 sulem
258 1697 511 1751 designatum
539 1699 742 1740 censuisse
770 1699 942 1748 dicebat,
974 1700 1197 1740 secundum
1226 1707 1360 1739 vetera
1387 1711 1517 1739 exem-

102 1764 169 1815 pla
197 1776 302 1816 quae
339 1771 487 1806 sortem
525 1764 791 1817 legationibus
830 1765 1068 1818 posuissent,
1109 1779 1161 1806 ne
1199 1764 1410 1805 ambitioni
1447 1771 1518 1806 aut

103 1827 320 1871 inimicitiis
348 1831 461 1872 locus
490 1831 600 1872 foret.
660 1831 759 1872 nihil
786 1832 967 1872 evenisse
994 1846 1063 1872 cur
1089 1831 1308 1884 antiquitus
1336 1831 1518 1873 instituta

104 1896 373 1938 exolescerent
402 1904 472 1938 aut
502 1897 692 1950 principis
724 1899 854 1938 honor
885 1899 925 1937 in
958 1899 1193 1949 cuiusquam
1229 1898 1516 1939 contumeliam
1535 1915 1553 1948 5

103 1968 346 2012 verteretur3
391 1963 569 2004 sufficere
608 1962 738 2003 omnis
777 1963 985 2015 obsequio.
1063 1963 1106 2003 id
1144 1963 1269 2015 magis
1307 1964 1516 2004 vitandum

0 2033 3 2040 “
37 2063 39 2066 .
104 2039 158 2067 ne
184 2026 406 2079 pervicacia
433 2030 686 2080 quorundam
718 2028 940 2068 inritaretur
970 2028 1127 2068 animus
1156 2042 1263 2068 novo
1292 2028 1515 2081 principatu

105 2105 322 2145 suspensus
350 2100 390 2134 et
418 2095 550 2134 vultus
580 2107 742 2146 quoque
768 2107 816 2134 ac
840 2107 1044 2134 sermones
1069 2093 1251 2134 omnium
1279 2095 1515 2145 circumspe-

105 2164 229 2198 ctans.
288 2171 332 2199 se
357 2160 587 2199 meminisse
616 2167 843 2211 temporum
873 2159 1018 2211 quibus
1048 2167 1164 2200 natus
1193 2160 1253 2209 sit,
1277 2173 1398 2212 quam
1425 2159 1516 2200 civi-

449 148 858 188 HISTORIARVM
889 146 1061 186 LIBER
1093 147 1152 184 IV
1444 148 1507 185 IV
1525 142 1554 182 6

109 2269 150 2303 13
177 2261 288 2303 prium
312 2261 362 2304 M,
383 2273 403 2294 e
419 2267 576 2305 superscr.
596 2262 653 2294 M1
792 2273 829 2303 14
854 2274 997 2295 nurnam
1014 2264 1057 2295 M

150 2311 182 2348 7.
211 2315 226 2337 1
252 2306 366 2338 studio
384 2306 435 2347 M,
451 2317 533 2339 corr.
550 2306 608 2338 Μι
742 2317 762 2338 2
786 2308 1008 2340 crederentur
1025 2308 1074 2348 M,
1098 2319 1176 2341 corr.
1196 2308 1254 2340 M1
1387 2318 1408 2349 3
1433 2319 1515 2349 que-

105 2353 207 2381 rente
223 2348 268 2381 M
430 2361 470 2382 12
495 2350 633 2393 Sentio]
661 2350 796 2383 Seneca
811 2351 876 2385 aL:
904 2352 1098 2384 Senecione
1118 2351 1295 2384 Gudeman
1477 2364 1514 2393 17

107 2391 336 2435 inpunitatem
352 2393 403 2432 M,
420 2404 501 2427 corr.
519 2394 562 2426 M
565 2394 576 2415 ¹

94 2466 97 2468 .
151 2435 187 2471 8.
215 2447 231 2469 1
257 2439 398 2470 consule
414 2438 457 2470 M
460 2438 471 2459 ¹
483 2444 544 2481 per
557 2449 699 2471 errorem
867 2451 885 2480 7
910 2440 1104 2482 principatu
1121 2452 1161 2473 ex
1175 2441 1342 2482 principis
1358 2452 1437 2474 corr.
1458 2442 1499 2472 M
1503 2441 1514 2462 ¹
