1748 2826
486 116 894 156 HISTORIARVM
927 117 1100 156 LIBER
1130 118 1168 155 V
1499 119 1536 155 V
1556 119 1604 158 16

291 220 455 267 Postera
491 227 580 266 luce
619 225 784 266 Cerialis
822 226 957 278 equite
990 234 1030 266 et
1059 226 1272 267 auxiliariis
1304 226 1537 268 cohortibus
1556 229 1604 268 16

127 293 298 333 frontem
336 293 478 344 explet,
518 291 559 332 in
598 293 776 332 secunda
813 293 899 332 acie
936 293 1112 344 legiones
1151 294 1316 342 locatae,
1350 294 1432 333 dux
1462 293 1538 333 sibi

125 358 305 401 delectos
336 359 552 398 retinuerat
584 359 636 398 ad
659 357 887 410 improvisa.
947 357 1085 412 Civilis
1119 359 1228 399 haud
1259 367 1442 411 porrecto
1476 372 1540 411 ag-

126 422 246 474 mine,
273 424 346 464 sed
372 425 509 464 cuneis
532 423 708 464 adstitit:
738 424 878 463 Batavi
899 423 1155 476 Cugernique
1177 423 1221 464 in
1247 425 1397 473 dextro,
1427 425 1539 466 laeva

124 500 175 528 ac
211 487 395 541 propiora
433 488 588 528 flumini
629 491 927 530 Transrhenani
969 497 1145 529 tenuere.
1204 489 1426 530 exhortatio
1468 490 1540 531 du-
1558 508 1576 540 5

125 565 218 594 cum
256 567 339 594 non
378 568 488 595 more
526 555 728 597 contionis
763 556 872 607 apud
903 554 1118 603 universos,
1157 556 1228 595 sed
1271 562 1315 595 ut
1355 568 1539 607 quosque

125 632 289 662 suorum
331 621 646 663 advehebantur.
704 621 869 662 Cerialis
919 628 1093 661 veterem
1140 619 1316 661 Romani
1363 620 1538 663 nominis

123 685 302 738 gloriam,
340 687 526 740 antiquas
564 687 814 740 recentisque
852 686 1036 727 victorias
1050 701 1061 735 3
1105 693 1149 726 ut
1190 687 1388 739 perfidum
1432 686 1538 738 igna-

123 765 220 794 vum
253 752 402 795 victum
439 755 598 795 hostem
632 754 674 797 in
706 762 912 794 aeternum
949 753 1191 802 exciderent,
1229 752 1382 793 ultione
1412 753 1537 805 magis

124 833 247 873 quam
273 821 425 874 proelio
447 835 549 874 opus
575 835 674 865 esse.
731 823 940 874 pauciores
968 831 1098 872 nuper
1122 832 1218 860 cum
1240 820 1420 873 pluribus
1458 834 1539 861 cer-
1558 836 1599 859 10

124 893 239 937 tasse,
277 901 327 930 ac
363 895 498 929 tamen
537 890 647 929 fusos
684 888 920 937 Germanos,
954 887 1066 939 quod
1104 885 1259 926 roboris
1298 888 1438 928 suerit:
1477 900 1539 927 su-

123 965 283 1007 peresse
319 954 389 1006 qui
427 956 560 1007 fugam
597 954 752 1003 animis,
793 955 860 1006 qui
899 953 1063 993 vulnera
1101 959 1213 1005 tergo
1254 954 1392 992 ferant.
1450 966 1538 1004 pro<

123 1018 231 1072 prios
270 1019 368 1061 inde
412 1021 593 1061 stimulos
635 1021 860 1072 legionibus
901 1017 1156 1068 admovebat,
1196 1018 1416 1058 domitores
1455 1017 1537 1057 Bri-

123 1085 286 1126 tanniae
318 1085 694 1138 quartadecimanos
724 1087 957 1138 appellans;
995 1084 1216 1137 principem
1248 1084 1420 1124 Galbam
1454 1096 1537 1124 sex-

122 1157 188 1192 tae
212 1150 380 1204 legionis
402 1152 637 1192 auctoritate
662 1153 838 1201 factum3
869 1150 934 1190 illa
965 1152 1137 1203 primum
1169 1149 1256 1190 acie
1282 1149 1536 1190 secundanos
1559 1165 1598 1199 ¹5

123 1229 228 1257 nova
265 1216 377 1269 signa
414 1231 640 1269 novamque
678 1217 852 1269 aquilam
899 1218 1111 1257 dicaturos.
1171 1217 1265 1255 hinc
1303 1222 1535 1267 praevectus

121 1282 176 1322 ad
205 1282 491 1323 Germanicum
520 1282 735 1323 exercitum
757 1295 900 1322 manus
930 1282 1132 1329 tendebat,
1170 1289 1212 1321 ut
1247 1294 1360 1320 suam
1393 1280 1533 1333 ripam,

122 1361 194 1388 sua
223 1355 352 1389 castra
384 1348 577 1400 sanguine
610 1348 785 1388 hostium
822 1347 1097 1399 reciperarent.
1156 1345 1321 1386 alacrior
1351 1346 1534 1389 omnium

121 1414 282 1463 clamor,
323 1413 412 1466 quis
450 1414 599 1465 velex
636 1415 755 1465 longa
795 1426 895 1465 pace
942 1411 1081 1465 proelii
1123 1413 1272 1464 cupido
1317 1414 1379 1452 vel
1422 1412 1533 1452 fessis

122 1480 230 1522 bello
261 1479 370 1533 pacis
406 1493 534 1530 amor,
568 1480 824 1532 praemiaque
863 1487 902 1520 et
940 1479 1053 1532 quies
1091 1478 1132 1519 in
1172 1487 1374 1531 posterum
1406 1493 1534 1531 spera-
1554 1495 1596 1518 πο

122 1546 247 1586 batur.

285 1613 374 1653 Nec
417 1611 556 1653 Civilis
601 1612 783 1651 silentem
827 1611 965 1651 struxit
1008 1611 1148 1660 aciem,
1198 1613 1331 1650 locum
1374 1625 1531 1663 pugnae
1550 1622 1593 1662 17

120 1686 264 1720 testem
297 1677 450 1718 virtutis
483 1677 620 1718 ciens:
659 1685 762 1717 stare
787 1678 1011 1717 Germanos
1040 1679 1294 1728 Batavosque
1321 1690 1439 1728 super
1470 1691 1532 1717 ve—

120 1743 234 1797 stigia
282 1744 441 1797 gloriae,
497 1743 649 1784 cineres
703 1756 872 1794 ossaque
915 1742 1118 1794 legionum
1176 1742 1377 1782 calcantis.
1435 1756 1532 1794 quo·

119 1823 294 1862 cumque
321 1811 461 1850 oculos
490 1811 698 1849 Romanus
728 1809 963 1856 intenderet,
995 1807 1265 1859 captivitatem
1292 1809 1530 1859 clademque

119 1884 159 1918 et
207 1875 292 1917 dira
341 1874 476 1916 omnia
530 1874 742 1915 obversari.
801 1887 852 1914 ne
900 1881 1136 1913 terrerentur
1183 1873 1291 1913 vario
1338 1873 1529 1913 Trevirici
1550 1888 1567 1919 5

118 1944 257 1996 proelii
283 1949 454 1984 eventu:
484 1955 598 1981 suam
622 1942 701 1980 illic
728 1940 933 1980 victoriam
960 1940 1170 1979 Germanis
1196 1940 1408 1989 obstitisse,
1431 1940 1528 1979 dum

162 2058 219 2095 16.
244 2071 264 2101 4
288 2060 395 2093 astitit
411 2058 454 2091 M
583 2068 603 2099 5
628 2057 755 2090 flumini
773 2057 975 2100 Nipperdey:
1001 2057 1150 2089 fluminis
1168 2055 1211 2089 M
1333 2058 1353 2088 8
1371 2057 1528 2097 antiquas

117 2115 185 2139 om.
206 2104 227 2137 b
315 2104 474 2138 victorias
490 2102 700 2135 memorabat
715 2101 917 2143 Nipperdey:
946 2102 1108 2133 victorias
1130 2102 1260 2133 iactare
1283 2100 1357 2132 Van
1373 2100 1429 2132 der
1447 2100 1531 2133 Vliet

116 2159 140 2190 9
153 2147 382 2181 excinderent
397 2147 483 2188 dett„
496 2147 595 2188 vulgo
660 2157 681 2178 a
696 2146 791 2179 verbo
804 2146 913 2186 magis
929 2156 1033 2186 usque
1048 2144 1095 2177 ad
1108 2144 1371 2176 versicoloribus
1388 2154 1417 2176 c.
1439 2154 1491 2184 23.
1505 2155 1525 2185 5

116 2196 208 2227 vetus
219 2191 343 2234 aliquis
354 2194 408 2225 vir
420 2191 534 2224 doctus
545 2189 632 2233 (Μ’)
649 2193 852 2232 scripturam
861 2189 988 2232 pallore
1004 2189 1180 2221 extinctam
1197 2188 1293 2220 haud
1305 2188 1527 2220 dissimilibus

116 2236 231 2269 titten‘s
245 2235 416 2269 renovavit
560 2244 598 2275 14
623 2236 730 2275 sexta}
750 2234 791 2265 M
795 2232 808 2253 ²
959 2234 997 2264 16
1022 2238 1221 2273 praevectos
1242 2231 1317 2263 M2:
1343 2237 1525 2272 pervectus

112 2280 276 2323 Agnkola
397 2281 437 2313 18
460 2279 574 2311 alacer
588 2278 764 2320 Agricola:
795 2277 918 2309 alacris
934 2275 1116 2319 Nipperdey
1233 2286 1276 2307 20
1300 2276 1526 2314 sperabantur

114 2324 191 2360 dett.
221 2323 332 2359 Halm

160 2349 209 2411 17’.
239 2378 254 2400 1
280 2368 389 2400 silens
400 2368 563 2401 instruxit
573 2367 724 2407 Pichena‚
739 2367 872 2398 Halm:
897 2365 1030 2397 silentio
1040 2364 1166 2396 struxit
1180 2364 1357 2395 Muretus:
1382 2363 1524 2395 silenter

116 2413 239 2446 struxit
254 2411 394 2455 Lipsius
537 2422 556 2442 2
581 2411 692 2443 sciens
710 2410 766 2442 M²
913 2418 933 2450 5
958 2410 1072 2440 omina
1087 2407 1160 2441 dett.
1316 2408 1337 2438 6
1361 2412 1522 2439 eventum

117 2458 166 2498 M,
185 2468 266 2490 corr.
284 2457 324 2488 M
330 2456 340 2477 ¹
430 2455 623 2497 victoriam]
641 2455 814 2486 avaritiam
831 2453 1029 2486 Acidalms:
1056 2453 1219 2484 incuriam
1238 2452 1363 2483 Herbst
