1748 2826
481 115 889 158 HISTORIARVM
921 117 1095 156 LIBER
1125 117 1168 156 II
1482 120 1589 168 1151

119 236 266 278 domus
300 236 454 287 partem
491 231 626 272 furtim
664 230 862 282 digressus
901 228 1164 281 inrumpentis
1203 230 1410 270 frustratus
1454 238 1524 271 est.
1548 245 1566 277 5

119 314 255 343 earum
285 313 389 352 quae
422 297 583 339 Brixelli
611 302 772 349 egerant
801 294 1026 335 cohortium
1057 308 1195 347 preces
1224 295 1402 335 Rubrius
1437 297 1528 336 Gal-

118 368 181 408 lus
207 365 308 415 tulit,
341 371 381 406 et
411 363 527 406 venia
559 361 693 403 statim
723 361 944 413 impetrata,
978 359 1294 401 concedentibus
1323 362 1375 402 ad
1407 360 1528 402 victo-

118 445 203 474 rem
221 445 293 485 per
311 429 494 471 Flavium
514 428 709 470 Sabinum
728 427 775 467 iis
795 426 922 479 copiis
942 426 1088 478 quibus
1108 428 1340 479 praefuerat.

281 497 420 538 Posito
457 495 608 547 ubique
646 495 754 535 bello
791 506 937 545 magna
972 506 1062 545 pars
1103 500 1263 533 senatus
1303 500 1524 534 extremum
1545 501 1597 541 52

117 562 332 607 discrimen
351 561 461 611 adiit,
483 563 660 615 profecta
689 574 782 601 cum
810 559 975 601 Othone
1001 559 1053 599 ab
1079 559 1189 608 urbe,
1217 559 1314 600 dein
1342 561 1526 600 Mutinae

117 630 264 672 relicta.
321 628 416 669 illuc
434 629 603 670 adverso
623 627 675 668 de
701 625 854 679 proelio
879 626 1085 666 adlatum:
1115 626 1187 666 sed
1216 625 1361 666 milites
1392 633 1435 665 ut
1461 627 1528 665 fal-

117 709 207 738 sum
239 708 440 736 rumorem
477 700 746 746 aspernantes,
779 692 890 744 quod
922 690 1124 732 infensum
1156 692 1309 732 Othoni
1344 699 1526 732 senatum

117 760 417 809 arbitrabantur,
459 759 660 800 custodire
703 770 918 805 sermoneS‚
958 758 1113 797 vultum
1152 756 1416 809 habitumque
1452 764 1527 796 tra·
1547 768 1565 801 5

117 829 212 869 here
243 828 286 868 in
317 825 520 876 deterius,
557 823 748 865 conviciis
778 830 984 876 postremo
1015 835 1064 863 ac
1097 822 1253 875 probris
1290 836 1454 864 causam
1487 830 1527 862 et

117 891 275 934 initium
306 891 442 933 caedis
473 890 730 944 quaerebant,
761 902 856 931 cum
883 888 985 929 alius
1013 887 1175 941 insuper
1205 895 1335 930 metus
1368 895 1526 929 senato-

117 959 227 1000 ribus
253 956 429 1008 instaret,
459 970 512 997 ne
544 955 782 1009 praevalidis
818 954 899 995 iam
936 954 1088 995 Vitellii
1126 953 1306 1006 partibus
1339 962 1527 995 cunctan-

117 1031 177 1065 ter
203 1022 407 1077 excepisse
434 1022 641 1064 victoriam
669 1022 934 1063 crederentur.
1002 1019 1058 1060 ita
1083 1018 1230 1071 trepidi
1258 1027 1299 1061 et
1327 1019 1527 1072 utrimque

117 1089 223 1130 anxii
250 1095 412 1139 coeunt,
442 1101 564 1130 nemo
596 1087 779 1140 privatim
811 1085 999 1138 expedito
1031 1084 1214 1135 consilio,
1244 1086 1347 1126 inter
1379 1087 1527 1126 multos
1553 1101 1592 1124 10

118 1155 308 1197 societate
335 1155 478 1207 culpae
503 1153 635 1195 tutior.
692 1153 884 1194 onerabat
912 1151 1145 1204 paventium
1173 1165 1287 1193 curas
1317 1152 1416 1192 ordo
1437 1153 1527 1192 Mu-

117 1220 283 1262 tinensis
319 1234 430 1261 arma
466 1227 507 1260 et
544 1218 757 1272 pecuniam
796 1218 1013 1267 offerendo,
1047 1218 1358 1272 appellabatque
1395 1224 1526 1270 patres

117 1285 364 1339 conscriptos
393 1284 676 1337 intempestivo
706 1285 870 1325 honore.

223 1342 227 1346 ’
280 1351 471 1392 Notabile
497 1350 668 1402 iurgium
698 1349 771 1390 fuit
808 1362 890 1401 quo
930 1348 1107 1390 Licinius
1144 1349 1322 1392 Caecina
1361 1351 1528 1390 Marcel·
1547 1359 1599 1401 53

116 1419 200 1459 lum
225 1417 393 1472 Eprium
419 1424 463 1458 ut
491 1415 679 1469 ambigua
702 1415 964 1456 disserentem
989 1414 1142 1455 invasit.
1202 1429 1277 1456 nec
1302 1416 1421 1456 ceteri
1442 1429 1527 1456 sen-

117 1485 261 1526 tentias
288 1483 546 1537 aperiebant:
583 1483 655 1523 sed
682 1481 854 1522 invisum
879 1481 1072 1521 memoria
1098 1481 1346 1523 delationum
1376 1482 1528 1534 exposi-

116 1558 284 1603 tumque
305 1550 359 1590 ad
385 1547 578 1590 invidiam
599 1547 781 1588 Marcelli
808 1560 959 1587 nomen
986 1546 1211 1588 inritaverat
1233 1547 1461 1597 Caecinam,
1483 1556 1527 1588 ut

116 1629 245 1657 novus
270 1617 405 1656 adhuc
428 1622 468 1656 et
494 1614 536 1655 in
565 1622 749 1655 senatum
776 1626 903 1666 nuper
928 1612 1104 1653 adscitus
1133 1613 1286 1666 magnis
1310 1613 1527 1653 inimicitiis
1550 1625 1567 1658 5

117 1684 359 1724 claresceret.
402 1681 678 1722 moderatione
694 1678 903 1720 meliorum
919 1677 1117 1730 dirempti.
1160 1686 1199 1719 et
1219 1678 1371 1720 rediere
1386 1693 1528 1720 omnes

117 1747 356 1798 Bononiam,
385 1760 518 1787 rursus
548 1745 821 1795 consiliaturi3
862 1744 982 1785 simul
1011 1744 1148 1796 medio
1176 1744 1367 1799 temporis
1395 1747 1528 1799 plures

117 1812 248 1855 nuntii
275 1813 546 1866 sperabantur.
607 1811 828 1860 Bononiae,
859 1810 995 1851 divisis
1024 1825 1094 1864 per
1122 1810 1262 1852 itinera
1293 1812 1362 1864 qui
1395 1825 1528 1853 recen-

116 1879 315 1922 tissimum
353 1892 557 1932 quemque
595 1883 932 1930 percontarentur,
973 1875 1235 1928 interrogatus
1273 1877 1449 1919 Othonis
1487 1877 1530 1919 li-

117 1948 252 1990 bertus
289 1961 452 1988 causam
490 1946 689 1999 digressus
727 1946 876 1986 habere
914 1958 957 1985 se
993 1957 1179 1997 suprema
1216 1946 1300 1986 eius
1340 1947 1529 1987 mandata
1549 1956 1591 1980 10

117 2012 348 2067 respondit;
378 2012 511 2066 ipsum
537 2012 739 2052 viventem
768 2011 932 2063 quidem
962 2009 1153 2060 relictum,
1185 2013 1257 2053 sed
1287 2013 1371 2052 sola
1399 2019 1528 2065 poste-

117 2078 242 2120 ritatis
261 2091 357 2120 cura
381 2086 421 2119 et
446 2078 624 2131 abruptis
645 2077 748 2118 vitae
775 2076 1070 2118 blandimentis.
1130 2076 1224 2118 hinc
1250 2077 1463 2119 admiratio
1488 2084 1531 2119 et

118 2195 138 2226 5
163 2185 358 2226 degressus.
380 2184 597 2225 inrumpente
610 2182 650 2214 M
739 2194 756 2223 7
781 2182 915 2214 veniam
926 2183 991 2215 M:
1015 2182 1149 2214 veniam
1162 2207 1170 2215 .
1185 2206 1193 2215 .
1210 2206 1217 2215 .
1232 2182 1392 2224 impetrat
1404 2181 1530 2216 Wurm

163 2235 222 2270 52.
249 2229 272 2261 8
294 2228 457 2261 insti-aret
474 2227 516 2259 M
650 2237 689 2267 13
714 2227 911 2267 intempesti
928 2224 970 2257 M

163 2278 223 2314 53.
254 2283 270 2304 1
295 2272 441 2313 iurgium
458 2271 606 2303 Bekker:
629 2271 820 2311 vii-genium
837 2270 897 2301 M:
922 2270 1001 2301 inde
1019 2269 1164 2311 iurgium
1182 2270 1258 2303 dett.
1407 2282 1429 2304 2
1452 2270 1528 2305 Ian-

118 2316 205 2349 vazit
229 2314 280 2356 M,
309 2327 331 2349 a
352 2319 432 2358 post
455 2315 470 2347 1
495 2315 557 2349 del.
586 2315 644 2347 Μ2
735 2315 840 2346 ceteri
867 2313 947 2346 M1:
983 2314 1106 2346 ceteris
1130 2315 1173 2345 M
1269 2316 1461 2348 sententias
1476 2315 1528 2357 M,

119 2363 236 2437 notant?
249 2359 308 2394 del.
325 2360 382 2393 M¹
398 2371 406 2393 τ
429 2360 636 2394 sententiam
655 2358 710 2401 aL,
729 2358 839 2390 Halm
927 2368 949 2398 9
973 2362 1254 2399 percunctaretur
1271 2358 1313 2390 M
1400 2359 1528 2393 Imber-

119 2409 176 2437 tus
