1748 2826
173 126 193 164 1
213 135 255 175 17
656 129 932 168 CORNELII
963 129 1159 170 TACITI

211 235 256 274 iri
285 237 326 275 in
355 243 479 276 castra
507 237 676 288 placuit:
721 234 983 277 honorificum
1018 238 1059 278 id
1093 237 1283 278 militibus
1311 239 1404 285 fore,
1436 250 1606 288 quorum

210 301 384 344 favorem
413 308 457 340 ut
485 301 689 352 largitione
717 310 756 341 et
784 302 935 342 ambitu
965 305 1067 342 male
1099 302 1269 354 adquiri,
1296 302 1349 342 ita
1383 315 1452 354 per
1479 302 1606 342 bonas

210 364 303 404 artis
333 366 440 405 haud
467 368 744 417 spernendum.
803 367 1112 407 circumsteterat
1140 366 1296 407 interim
1324 366 1518 406 Palatium
1538 379 1607 418 pu-

154 444 194 466 10
212 428 315 468 blica
341 430 571 481 expectatio,
601 431 733 483 magni
759 431 898 472 secreti
926 431 1135 484 impatiens
1148 446 1159 481 3
1199 439 1238 472 et
1264 432 1367 471 male
1394 429 1648 476 coercitam&

213 495 360 534 famam
380 496 670 547 supprimentes
689 498 897 548 augebant.

151 564 196 603 18
378 562 574 610 Quartum
602 561 691 602 idus
719 563 931 611 Ianuarias,
959 564 1121 603 foedum
1149 562 1340 602 imbribus
1369 560 1487 610 diem,
1509 559 1608 600 toni-

215 632 301 665 trua
328 633 368 665 et
395 627 547 677 fulgura
574 633 613 666 et
642 628 830 667 caelestes
860 627 991 668 minae
1021 630 1122 668 ultra
1149 628 1308 667 solitum
1339 627 1604 667 turbaverunt.

213 690 465 730 observatum
492 691 534 731 id
560 691 776 742 antiquitus
802 692 971 732 comitiis
995 692 1226 733 dirimendis
1252 706 1334 732 non
1358 691 1493 732 terruit
1517 693 1608 732 Gal-

213 755 304 795 bam
335 769 415 806 quo
450 756 580 795 minus
610 756 650 795 in
679 764 805 796 castra
835 765 1022 809 pergeret,
1054 764 1369 809 contemptorem
1398 757 1535 796 talium
1564 763 1607 796 ut

174 835 192 868 5
213 820 461 860 fortuitorum
475 836 487 870 3
516 835 585 861 seu
616 835 717 872 quae
746 823 827 862 fato
855 830 1028 871 manent,
1058 822 1239 874 quamvis
1268 821 1496 873 significata,
1524 834 1606 861 non

211 885 392 926 vitantur.
462 888 571 937 apud
604 888 851 938 frequentem
890 888 1058 927 militum
1092 888 1321 928 contionem
1359 886 1608 939 imperatoria

211 950 402 990 brevitate
420 951 600 1002 adoptari
619 965 642 991 a
662 965 704 991 se
724 952 911 992 Pisonem
931 955 1112 1004 exemplo
1138 953 1220 993 divi
1245 951 1415 1004 Augusti
1439 959 1480 991 et
1498 964 1608 991 more

212 1015 378 1064 militari,
401 1029 482 1066 quo
502 1015 559 1055 vir
577 1010 712 1055 ‘virum
741 1018 894 1068 legeret,
917 1018 1155 1069 pronuntiat.
1212 1031 1260 1057 ac
1285 1030 1337 1057 ne
1364 1016 1609 1057 dissimulata

212 1079 355 1120 seditio
374 1079 415 1119 in
435 1079 562 1119 maius
583 1081 815 1129 crederetur,
838 1083 940 1121 ultro
966 1083 1171 1122 adseverat
1196 1089 1377 1133 quartam
1405 1087 1448 1121 et
1471 1082 1608 1121 duoet-

154 1157 195 1181 ιο
212 1143 468 1184 vicensimam
503 1144 688 1195 legiones,
719 1145 855 1196 paucis
889 1146 1094 1185 seditionis
1123 1146 1362 1194 auctoribus,
1393 1158 1476 1184 non
1508 1145 1609 1184 ultra

213 1209 332 1248 verba
364 1222 411 1248 ac
441 1222 559 1249 voces
598 1222 744 1249 errasse
777 1217 816 1249 et
853 1210 961 1249 brevi
991 1209 1032 1249 in
1062 1210 1194 1250 officio
1223 1211 1317 1249 fore.
1374 1222 1450 1248 nec
1482 1209 1607 1247 ullum

212 1273 379 1314 orationi
399 1281 467 1313 aut
486 1274 727 1314 lenocinium
747 1274 859 1314 addit
877 1281 946 1314 aut
964 1274 1143 1326 pretium.
1200 1273 1348 1314 tribuni
1367 1280 1500 1313 tamen
1519 1286 1608 1313 cen-

211 1339 467 1391 turionesque
493 1346 532 1379 et
558 1339 724 1391 proximi
750 1339 919 1379 militum
945 1346 1053 1391 grata
1076 1339 1216 1379 auditu
1242 1339 1510 1390 respondent:
1539 1350 1608 1389 per

211 1411 362 1443 ceteros
392 1403 586 1443 maestitia
613 1417 660 1443 ac
689 1403 898 1452 silentium,
929 1411 1132 1455 tamquam
1159 1410 1386 1455 usurpatam
1420 1402 1539 1443 etiam
1566 1403 1608 1442 in

154 1480 191 1513 15
211 1482 310 1520 pace
347 1468 524 1508 donativi
562 1467 836 1508 necessitatem
875 1468 980 1508 bello
1017 1467 1291 1519 perdidissent.
1349 1473 1504 1507 constat
1541 1480 1608 1518 po-

211 1533 332 1573 tuisse
363 1532 562 1574 conciliari
592 1532 746 1572 animos
780 1534 1142 1584 quantulacumque
1172 1533 1278 1584 parci
1310 1533 1413 1572 senis
1444 1531 1609 1571 liberali-

211 1606 314 1639 tate:
352 1598 488 1639 nocuit
515 1597 700 1649 antiquus
728 1598 830 1650 rigor
857 1604 897 1638 et
924 1597 1047 1637 nimia
1074 1597 1267 1646 severitas,
1296 1597 1359 1637 cui
1387 1596 1467 1636 iam
1495 1609 1607 1648 pares

212 1678 295 1704 non
313 1677 460 1704 sumus.

144 1744 193 1783 19
379 1731 482 1770 Inde
509 1731 617 1781 apud
651 1736 831 1769 senatum
865 1741 946 1768 non
980 1727 1175 1779 comptior
1212 1727 1375 1775 Galbae,
1406 1739 1488 1766 non
1525 1727 1608 1765 lon-

212 1795 296 1846 gior
317 1809 437 1847 quam
457 1796 564 1847 apud
583 1794 748 1834 militem
769 1807 923 1833 sermo:
954 1793 1108 1834 Pisonis
1133 1792 1257 1833 comis
1283 1792 1418 1833 oratio.
1476 1798 1515 1832 et
1543 1805 1608 1843 pa-

212 1867 316 1899 trum
347 1861 455 1899 favor
486 1861 644 1899 aderat:
684 1858 798 1897 multi
834 1860 1047 1906 voluntate,
1083 1857 1242 1897 effusius
1279 1857 1348 1909 qui
1385 1858 1604 1904 noluerant,

213 1925 334 1964 medii
362 1938 409 1964 ac
436 1923 594 1975 plurimi
622 1923 742 1963 obvio
770 1922 975 1974 obsequio,
994 1922 1162 1974 privatas
1189 1935 1278 1973 spes
1302 1921 1494 1972 agitantes
1521 1920 1607 1960 sine

175 2004 193 2036 5
213 1988 372 2040 publica
402 2002 504 2028 cura.
563 2001 637 2027 nec
669 1988 778 2027 aliud
810 1986 991 2038 sequenti
1024 1986 1257 2037 quadriduo,
1287 1987 1398 2037 quod
1430 1976 1606 2026 medium
1641 2023 1643 2025 ,

212 2054 312 2094 inter
340 2052 598 2104 adoptionem
627 2060 666 2092 et
694 2053 859 2092 caedem
885 2051 967 2100 fuit,
991 2051 1141 2091 dictum
1165 2064 1190 2090 a
1215 2050 1360 2091 Pisone
1385 2050 1426 2090 in
1446 2049 1607 2102 publico

257 2154 307 2188 18.
338 2166 352 2187 1
380 2155 459 2187 Idus
474 2154 515 2186 M
523 2153 536 2174 ¹
551 2166 559 2186 z
585 2154 679 2186 Idum
695 2154 736 2186 M
886 2164 905 2185 2
930 2160 964 2186 et
974 2157 1051 2195 post
1066 2153 1199 2194 fulgura
1215 2154 1274 2186 del.
1293 2154 1438 2196 Spengel
1585 2165 1605 2194 4

213 2204 447 2239 contemptore
463 2198 506 2230 M
604 2207 624 2238 5
649 2198 716 2229 fata
732 2202 871 2229 monent
893 2197 989 2238 Vogel
1052 2197 1141 2238 signi
1157 2198 1246 2230 facta
1261 2198 1304 2230 M
1418 2198 1441 2230 6
1462 2196 1605 2239 impera-

213 2243 300 2274 toria
323 2242 362 2273 M
370 2242 383 2262 ¹
401 2253 409 2274 t
434 2242 653 2282 imperatoria
675 2241 715 2273 M
889 2251 906 2280 7
932 2241 1088 2281 exemplo
1107 2265 1114 2273 .
1133 2266 1141 2274 .
1158 2266 1166 2274 .
1186 2251 1281 2273 more
1302 2241 1474 2274 Ferretus:
1508 2250 1605 2272 more

213 2310 222 2319 .
241 2310 250 2318 .
270 2310 278 2318 .
297 2286 456 2326 exemplo
474 2285 516 2316 M
658 2295 680 2325 9
704 2284 1000 2316 duoetvieesimam
1015 2285 1181 2316 Pit-hena:
1205 2284 1534 2316 duodevicensimam
1552 2283 1600 2324 M,

215 2331 258 2362 de
274 2329 309 2360 in
325 2339 446 2361 rasura
461 2329 523 2360 Μ2
658 2339 696 2368 13
720 2329 836 2359 audito
851 2328 894 2359 M
1025 2339 1063 2368 14
1088 2328 1189 2360 etiam
1206 2327 1265 2359 M1
1281 2338 1289 2360 ι
1312 2333 1347 2359 et
1362 2328 1427 2359 iam
1443 2326 1487 2359 M

258 2379 313 2414 19.
340 2383 359 2413 4
383 2372 485 2405 medii
499 2370 723 2404 Freinsheim:
747 2371 870 2413 meldie
886 2369 928 2402 M
