1748 2826
235 156 254 193 1
273 162 325 203 25
720 154 995 196 CORNELII
1025 156 1220 197 TACITI

272 262 479 302 Veturium
505 262 709 314 optionem
735 265 952 304 eorundem
978 265 1199 316 perductos,
1221 272 1430 317 postquam
1457 265 1564 306 vario
1589 279 1670 309 ser-·

271 341 391 367 mone
422 328 585 368 callidos
618 329 860 380 audacisque
889 330 1084 381 cognovit,
1117 330 1243 382 pretio
1276 338 1315 370 et
1342 330 1544 383 promissis
1572 344 1664 372 one-

233 404 251 436 5
270 400 339 442 rat,
369 394 463 432 data
489 392 658 444 pecunia
685 395 736 433 ad
765 396 1087 446 pertemptandos
1115 395 1285 446 plurium
1314 395 1480 436 animos.
1537 409 1664 437 susce-

269 470 363 508 pere
399 458 481 497 duo
511 459 773 509 manipulares
810 458 1017 509 imperium
1055 459 1192 510 populi
1230 459 1403 500 Romani
1435 462 1664 501 transferen-

270 522 367 560 dum
387 527 426 560 et
445 523 735 561 transtulerunt.
791 521 832 561 in
858 523 1141 563 conscientiam
1161 523 1342 564 facinoris
1363 524 1478 576 pauci
1497 525 1637 566 adsciti
1655 540 1664 566 t

270 599 482 637 suspensos
512 593 732 627 ceterorum
768 587 923 627 animos
961 587 1122 627 diversis
1159 588 1308 627 artibus
1346 589 1560 638 stimulant,
1591 589 1665 641 pri-

269 663 399 690 mores
429 650 597 690 militum
626 664 695 702 per
722 651 917 691 beneficia
945 651 1179 703 Nymphidii
1207 659 1250 692 ut
1279 660 1495 704 suspectos,
1523 655 1664 706 vulgus

213 727 251 749 10
269 722 309 755 et
336 723 485 755 ceteros
519 716 574 756 ira
602 723 643 756 et
675 716 951 768 desperatione
983 716 1093 757 dilati
1126 717 1270 757 totiens
1308 718 1498 763 donativi.
1553 726 1665 760 erant

269 794 370 832 quos
407 780 597 821 memoria
635 781 804 821 Neronis
841 794 889 820 ac
925 781 1165 821 desiderium
1202 782 1340 834 prioris
1377 782 1560 824 licentiae
1598 797 1664 824 ac-

267 847 480 886 cenderet:
511 847 551 884 in
575 858 789 885 commune
815 858 954 887 omnes
982 852 1091 886 metu
1119 848 1335 887 mutandae
1362 847 1524 888 militiae
1551 855 1665 889 terre-

268 910 422 950 bantur.
1650 955 1654 960 ,

196 981 251 1019 26
432 975 576 1015 Infecit
606 987 654 1016 ea
686 975 797 1015 tabes
830 974 1031 1026 legionum
1062 988 1223 1027 quoque
1253 982 1293 1017 et
1321 976 1553 1019 auxiliorum
1583 989 1665 1017 mo-

268 1046 327 1079 tas
364 1040 443 1079 iam
482 1041 635 1087 mentis,
671 1047 883 1090 postquam
916 1041 1118 1090 vulgatum
1156 1047 1238 1080 erat
1268 1041 1402 1082 labare
1439 1042 1664 1083 Germanici

266 1105 458 1145 exercitus
491 1106 622 1145 fidem.
679 1105 862 1154 adeoque
895 1111 1029 1155 parata
1057 1106 1165 1156 apud
1198 1106 1322 1145 malos
1359 1105 1517 1155 seditio,
1545 1106 1664 1149 etiam

265 1171 373 1222 apud
410 1169 582 1221 integros
620 1168 880 1208 dissimulatio
924 1168 1010 1218 fuit,
1047 1176 1091 1208 ut
1127 1176 1288 1220 postero
1324 1171 1464 1211 iduum
1501 1170 1568 1212 die
1609 1183 1669 1212 re-

227 1253 246 1286 5
266 1237 455 1275 deuntem
486 1246 511 1274 a
544 1246 643 1273 cena
673 1234 877 1274 Othonem
908 1233 1053 1283 rapturi
1087 1233 1239 1282 fuerint,
1273 1235 1315 1274 ni
1351 1233 1500 1288 incerta
1535 1235 1664 1277 noctis

266 1306 306 1339 et
324 1305 407 1338 tota
432 1298 530 1337 urbe
556 1310 689 1348 sparsa
714 1296 883 1336 militurn
912 1303 1038 1336 castra
1063 1310 1138 1336 nec
1164 1297 1320 1338 facilem
1345 1297 1447 1338 inter
1473 1301 1664 1340 temulen-

265 1371 327 1403 tos
357 1375 596 1403 consensum
627 1361 860 1410 timuissent,
892 1375 974 1400 non
1003 1360 1058 1400 rei
1086 1361 1269 1412 publicae
1301 1375 1406 1411 cura,
1435 1375 1557 1414 quam
1585 1366 1664 1405 foe-

265 1429 359 1468 dare
391 1426 577 1479 principis
611 1426 668 1465 sui
693 1425 882 1477 sanguine
911 1425 1030 1465 sobrii
1059 1425 1261 1476 parabant,
1283 1427 1354 1466 sed
1381 1440 1433 1467 ne
1460 1440 1531 1479 per
1557 1435 1664 1469 tene—

265 1493 365 1540 bras,
387 1498 431 1531 ut
460 1491 628 1542 quisque
657 1490 877 1530 Pannonici
905 1492 967 1530 vel
995 1489 1223 1530 Germanici
1253 1490 1444 1531 exercitus
1472 1492 1662 1533 militibus

208 1577 247 1600 10
265 1556 422 1596 oblatus
459 1564 571 1604 esset,
609 1555 880 1607 ignorantibus
912 1556 1119 1606 plerisque,
1150 1568 1222 1605 pro
1256 1556 1419 1596 Othone
1451 1557 1663 1598 destinare-

263 1627 336 1661 tur.
395 1622 519 1660 multa
555 1621 795 1671 erumpentis
836 1619 1041 1660 seditionis
1081 1619 1228 1660 indicia
1267 1633 1338 1671 per
1373 1620 1555 1661 conscios
1594 1634 1666 1674 op-

263 1697 420 1736 pressa:
463 1686 660 1736 quaedam
689 1686 796 1736 apud
831 1685 982 1724 Galbae
1009 1684 1112 1723 auris
1142 1686 1361 1735 praefectus
1394 1687 1502 1726 Laco
1532 1686 1660 1735 elusit,

263 1749 419 1801 ignarus
440 1749 666 1789 militarium
685 1749 909 1789 animorum
929 1748 1162 1800 consiliique
1181 1749 1360 1799 quamvis
1380 1749 1534 1801 egregii,
1550 1751 1661 1801 quod

264 1826 345 1854 non
366 1815 450 1865 ipse
469 1816 648 1862 adferret,
670 1813 852 1854 inimicus
872 1820 911 1854 et
930 1815 1116 1854 adversus
1135 1813 1280 1865 peritos
1299 1814 1490 1865 pervicax,

191 1893 245 1933 27
426 1879 580 1919 Octavo
622 1878 779 1918 decimo
818 1879 1008 1918 kalendas
1051 1878 1281 1918 Februarias
1319 1877 1552 1918 sacrificanti
1588 1890 1661 1929 pro

263 1945 363 1983 aede
391 1943 587 1994 Apollinis
618 1944 770 1983 Galbae
798 1944 992 1994 haruspex
1019 1941 1244 1981 Vmbricius
1275 1942 1397 1982 tristia
1424 1949 1513 1983 exta
1540 1949 1580 1982 et
1605 1942 1660 1981 in-

264 2008 401 2048 stantis
439 2008 600 2047 insidias
638 2021 684 2048 ac
731 2007 994 2047 domesticum
1036 2008 1191 2047 hostem
1235 2006 1434 2058 praedicit,
1473 2005 1662 2046 audiente

264 2073 427 2113 Othone
457 2072 566 2124 (nam
596 2072 797 2123 proximus
825 2071 1045 2125 adstiterat)
1069 2071 1191 2123 idque
1216 2079 1261 2110 ut
1285 2073 1433 2112 laetum
1458 2084 1482 2111 e
1509 2076 1660 2111 contra-

307 2181 366 2217 25.
389 2185 411 2216 3
435 2176 622 2207 eorundem
638 2175 680 2206 M
692 2178 807 2207 notam
823 2174 881 2207 del.
899 2174 957 2206 M1
1151 2185 1191 2207 10
1213 2179 1249 2207 et
1263 2172 1397 2207 ceteros
1413 2174 1540 2207 seclusit
1553 2173 1660 2207 Hertz

266 2228 306 2250 12
329 2228 510 2251 commune
527 2218 734 2250 Rhenanus:
761 2219 930 2250 communi
946 2217 989 2249 M

308 2260 369 2294 26.
399 2273 412 2294 1
432 2262 695 2301 legionariorum
714 2261 822 2294 Ritter
936 2273 956 2301 4
982 2261 1053 2294 Ian.
1067 2264 1143 2303 post
1157 2261 1270 2294 iduum
1286 2260 1363 2295 add.
1379 2260 1532 2302 Piclnena,
1549 2259 1658 2293 Halm

264 2305 321 2337 die
337 2304 392 2335 M1
411 2316 418 2336 ε
443 2306 574 2336 dierum
591 2305 634 2336 M
645 2317 653 2337 ε
675 2306 805 2337 dierum
822 2306 1043 2346 superscripsit
1058 2305 1099 2336 M
1102 2304 1116 2324 2
1222 2306 1244 2336 6
1266 2305 1456 2338 emulentbs
1472 2303 1515 2339 M
1618 2313 1654 2335 11

265 2349 531 2389 erumpentibus,
551 2348 609 2380 sed
620 2354 720 2390 super
733 2349 755 2380 b
771 2349 897 2390 scripsit
912 2358 929 2379 s
944 2348 984 2379 Μ
989 2349 1000 2369 ¹
1134 2358 1172 2380 12
1195 2348 1294 2389 galba
1311 2347 1353 2378 M

310 2398 365 2434 27.
394 2402 413 2423 2
437 2392 570 2424 tristitia
586 2391 629 2422 M
741 2403 761 2432 4
785 2393 963 2424 adsisterat
981 2392 1022 2422 M

1738 1893 1745 2012 ί

1737 2013 1745 2077 ,³

1731 2123 1742 2230 ij
