1748 2826
423 137 828 178 HISTORIARVM
859 137 1033 176 LIBER
1063 138 1105 176 ΙΙ
1422 138 1466 176 ΙΙ
1495 146 1549 186 94

9 293 13 297 ,
61 251 180 293 iussi:
221 251 307 308 ipse
339 253 424 292 sola
456 250 651 304 perdendi
685 263 779 290 cura
810 250 966 289 stabula
998 249 1142 301 aurigis
1176 256 1365 297 extruere,
1399 250 1469 287 cir·
1493 263 1530 296 15

61 332 155 359 cum
192 317 456 370 gladiatorum
488 318 740 367 ferarumque
778 314 1014 367 spectaculis
1053 316 1227 367 opplere,
1262 319 1471 365 tamquam

60 383 103 423 in
128 396 285 423 summa
309 381 558 422 abundantia
582 380 777 434 pecuniae
804 380 996 420 inludere.

224 449 335 499 Quin
381 455 422 488 et
467 449 642 488 natalem
679 446 831 487 Vitellii
873 445 982 486 diem
1022 445 1198 487 Caecina
1234 458 1282 485 ac
1319 446 1469 484 Valens
1490 452 1546 493 95

61 513 178 556 editis
216 521 303 556 tota
343 513 446 556 urbe
485 513 648 555 vicatim
685 511 970 564 gladiatoribus
1017 511 1278 560 celebravere,
1319 510 1471 562 ingenti

61 587 199 632 paratu
218 587 259 620 et
276 586 371 620 ante
389 579 503 620 illum
529 579 638 620 diem
667 577 840 618 insolito.
890 578 1038 616 laetum
1065 576 1300 616 foedissimo
1326 576 1473 627 cuique

60 647 170 699 apud
201 646 334 687 bonos
369 644 544 686 invidiae
582 643 656 684 fuit
693 645 804 696 quod
842 641 1028 682 extructis
1066 641 1108 680 in
1146 655 1291 694 campo
1325 640 1474 680 Martio

60 704 138 752 aris
164 711 324 751 inferias
353 710 506 751 Neroni
534 709 702 750 fecisset.
755 722 896 748 caesae
924 707 1086 760 publice
1113 707 1299 747 victimae
1327 721 1476 747 crema·
1493 722 1512 755 5

0 782 2 784 ’
61 783 206 828 raeque
219 791 232 826 ;
250 784 255 786 “
272 777 402 817 facem
429 777 670 828 Augustales
702 774 929 822 subdidere,
961 775 1072 825 quod
1110 773 1389 822 sacerdotium,
1429 780 1475 813 ut

63 843 263 883 Romulus
290 840 410 882 Tatio
438 840 530 893 regi,
561 841 616 881 ita
642 841 789 882 Caesar
809 839 994 879 Tiberius
1021 838 1148 879 Iuliae
1166 839 1275 890 genti
1295 837 1474 879 sacravit.

62 909 245 948 nondum
273 915 436 960 quartus
470 921 495 947 a
523 906 688 947 victoria
721 905 881 954 mensis,
914 913 954 945 et
986 905 1151 945 libertus
1184 904 1335 945 Vitellii
1365 906 1477 946 Asia-

63 973 166 1014 ticus
194 972 410 1024 Polyclitos
440 971 649 1012 Patrobios
683 978 722 1011 et
751 978 885 1011 vetera
918 969 1103 1010 odiorum
1137 970 1302 1010 nomina
1334 983 1477 1022 aequa-

63 1040 145 1080 bat.
202 1051 324 1079 nemo
343 1038 385 1077 in
405 1037 472 1078 illa
490 1039 582 1078 aula
600 1037 799 1089 probitate
825 1043 894 1076 aut
919 1035 1115 1076 industria
1134 1035 1320 1077 certavit:
1348 1049 1477 1077 unum
1499 1051 1540 1077 ιο

63 1107 118 1147 ad
135 1103 357 1158 potentiam
377 1103 461 1153 iter,
482 1103 659 1157 prodigis
685 1103 812 1156 epulis
841 1110 881 1143 et
910 1110 1072 1155 sumptu
1101 1115 1307 1154 ganeaque
1336 1102 1478 1143 satiare

64 1169 314 1223 inexplebilis
343 1168 495 1210 Vitellii
527 1167 726 1210 libidines,
784 1168 870 1220 ipse
903 1168 1067 1208 abunde
1100 1174 1205 1207 ratus
1235 1167 1268 1207 si
1296 1181 1478 1220 praesen-

64 1235 172 1276 tibus
209 1236 416 1285 frueretur,
447 1247 524 1275 nec
561 1233 603 1274 in
641 1233 797 1286 longius
836 1235 1079 1282 consultans,
1113 1233 1282 1275 noviens
1320 1233 1477 1274 miliens

65 1301 289 1344 sestertium
308 1300 559 1354 paucissimis
588 1300 794 1341 mensibus
814 1299 1081 1340 intervertisse
1098 1299 1284 1340 creditur.
1333 1313 1478 1352 magna
1541 1327 1544 1331 -

65 1375 106 1409 et
148 1367 292 1408 misera
331 1367 481 1416 civitas,
521 1368 667 1408 eodem
706 1380 816 1407 anno
854 1367 1061 1408 Othonem
1099 1366 1308 1406 Vitellium
1346 1379 1474 1418 passa,
1500 1379 1540 1414 15

65 1432 168 1474 inter
194 1432 336 1473 Vinios
367 1432 516 1473 Fabios
551 1434 682 1473 Icelos
716 1432 916 1473 Asiaticos
945 1432 1051 1473 varia
1079 1438 1120 1473 et
1149 1433 1342 1484 pudenda
1372 1439 1478 1473 sorte

64 1499 219 1552 agebat,
250 1500 383 1540 donec
422 1511 648 1539 successere
687 1498 904 1538 Mucianus
941 1505 982 1538 et
1020 1499 1238 1538 Marcellus·
1275 1505 1315 1539 et
1353 1497 1478 1551 magis

64 1563 131 1606 alii
159 1564 345 1605 homines
373 1577 496 1617 quam
523 1563 591 1604 alii
620 1577 762 1604 mores.

230 1629 364 1670 Prima
410 1629 575 1670 Vitellio
624 1629 762 1669 tertiae
819 1628 985 1682 legionis
1037 1628 1212 1670 defectio
1261 1629 1476 1680 nuntiatur,
1498 1635 1557 1684 96

66 1694 197 1736 missis
233 1695 286 1736 ab
324 1688 487 1748 Aponio
520 1695 735 1736 Saturnino
770 1695 960 1747 epistulis,
996 1702 1213 1747 antequam
1252 1694 1285 1735 is
1316 1709 1479 1748 quoque

66 1760 302 1813 Vespasiani
332 1761 509 1814 partibus
542 1762 821 1813 adgregaretur
834 1776 846 1811 3
894 1762 966 1801 sed
1004 1774 1137 1812 neque
1167 1760 1352 1812 Aponius
1385 1775 1479 1801 cun·

17 1850 20 1854 ·
64 1833 142 1875 cta,
176 1833 220 1867 ut
258 1826 462 1879 trepidans
495 1840 537 1867 re
575 1827 723 1876 subita,
757 1826 1049 1879 perscripserat,
1084 1832 1123 1866 et
1158 1826 1278 1866 amici
1317 1827 1479 1867 adulan-
1507 1852 1510 1873 ;

66 1898 127 1932 tes
158 1891 317 1933 mollius
346 1891 731 1945 interpretabantur:
761 1892 879 1932 unius
907 1891 1074 1944 legionis
1106 1904 1195 1931 eam
1224 1891 1475 1942 seditionem,
1499 1909 1517 1943 5

69 2009 109 2039 ¹7
132 1998 365 2031 abundantiae

112 2049 176 2084 95.
203 2051 223 2082 5
251 2043 390 2074 neronis
414 2041 464 2083 M,
492 2052 574 2075 corr.
603 2041 660 2072 M1
751 2041 892 2073 fecisset
919 2039 1080 2082 Lipsius:
1121 2040 1262 2072 lecisset
1286 2040 1329 2072 M
1458 2043 1480 2073 6

67 2085 251 2118 subdidere
266 2085 478 2118 Rhenanus:
504 2086 664 2128 subldere
682 2086 725 2116 M
823 2095 841 2124 7
867 2085 1017 2116 romulus
1034 2084 1145 2122 statio,
1158 2095 1175 2116 s
1192 2085 1228 2117 in
1243 2095 1313 2117 voc.
1328 2084 1480 2117 romulus

67 2129 128 2166 del.
147 2128 192 2161 M
193 2129 205 2150 ¹
325 2129 442 2172 Tatio]
460 2129 567 2162 Titios
582 2129 623 2162 T.
637 2130 736 2162 Tatio
753 2129 907 2162 Heraeus
1047 2128 1140 2169 quod
1167 2129 1395 2160 sacerdotium
1412 2152 1420 2162 .
1440 2153 1448 2161 .
1468 2152 1478 2162 .

68 2173 215 2206 sacravit
239 2172 310 2206 secl.
327 2172 519 2215 Nipperdey,
538 2173 606 2206 coll.
623 2173 670 2206 A.
687 2174 708 2206 i.
727 2182 770 2214 54
792 2173 952 2214 probante
973 2173 1088 2205 Macke
1109 2172 1167 2204 cui
1178 2171 1307 2204 Caesar
1322 2171 1481 2205 Tiberius

68 2220 259 2259 suspectum
413 2217 527 2257 gentis
545 2217 594 2258 M,
612 2227 692 2250 corr.
713 2216 769 2249 Ml
968 2227 991 2258 9
1013 2216 1149 2258 vetera]
1168 2221 1283 2248 cetera
1302 2215 1479 2249 Gudeman

71 2269 109 2292 11
134 2260 290 2302 prodigis
314 2260 427 2302 epulis
453 2265 488 2292 et
515 2261 585 2294 secl.
612 2260 740 2302 Novak,
767 2261 835 2294 coll.
864 2271 888 2294 x.
915 2261 958 2293 62
1062 2271 1240 2302 ganeaque
1267 2259 1480 2292 Palmen‘us:

68 2303 194 2345 galune
209 2314 297 2346 aque
313 2304 357 2337 Μ
366 2316 375 2337 2
398 2305 478 2346 gula
499 2314 675 2346 ganeaque
691 2305 814 2337 Meiser
992 2315 1031 2346 13
1055 2305 1204 2337 milliens
1221 2304 1264 2336 M
1442 2314 1480 2344 14

68 2348 268 2381 crederetur
285 2347 329 2391 Μ
413 2358 537 2389 magna
553 2348 604 2391 et]
622 2349 754 2389 sagina.
801 2353 835 2382 at
852 2347 985 2390 Mehler,
1001 2349 1114 2382 Halm
1243 2357 1282 2389 15
1306 2347 1479 2381 vitellium!

70 2390 114 2423 M
123 2403 131 2424 ε
154 2390 396 2435 Vitelliumque
413 2392 487 2426 dett.

113 2434 182 2478 96.
208 2444 229 2477 5
253 2436 389 2470 mollius
405 2436 448 2469 ab
463 2449 469 2469 :
483 2436 633 2469 ·mullius
649 2436 692 2470 M
