1748 2826
462 141 870 182 HISTORIARVM
900 143 1075 181 LIBER
1104 143 1148 180 II
1460 142 1503 180 II
1526 141 1580 190 84

65 239 71 244 ⁸
100 253 230 306 gistris
248 252 390 294 didicit
407 266 609 305 aususque
628 260 698 294 est.
748 252 916 305 propriis
937 266 1099 306 quoque
1123 252 1269 305 opibus
1290 251 1506 292 Mucianus
1529 267 1569 291 ιο

101 320 252 361 bellum
285 319 395 369 iuvit,
435 322 565 372 largus
602 319 796 372 privatim,
837 320 948 372 quod
982 319 1138 359 avidius
1173 321 1226 359 de
1266 333 1308 359 re
1346 317 1508 370 publica

100 393 284 427 sumeret.
337 385 459 426 ceteri
503 386 836 426 conferendarum
878 385 1138 437 pecuniarum
1184 386 1412 436 exemplum
1451 398 1508 424 se-

99 451 194 500 euti,
217 451 440 492 rarissimus
465 451 635 504 quisque
661 452 832 491 eandem
859 450 902 490 in
925 451 1185 503 reciperando
1215 450 1417 491 licentiam
1441 451 1508 490 ha-

98 508 282 558 buerunt.

260 584 500 624 Adcelerata
542 582 700 623 interim
737 582 974 635 Vespasiani
1018 589 1161 635 coepta
1209 582 1355 634 Illyrici
1402 596 1507 623 exer-
1526 582 1579 632 85

97 648 200 690 citus
230 649 366 690 studio
396 648 627 701 transgressi
660 648 702 688 in
732 648 877 701 partis:
912 648 1026 688 tertia
1057 648 1161 700 legio
1192 649 1420 700 exemplum
1446 661 1506 687 ce-

97 713 191 754 teris
229 714 412 756 Moesiae
442 714 672 767 ‚legionibus
711 714 919 766 praebuit3
961 722 1103 755 octava
1139 721 1223 754 erat
1256 728 1304 753 ac
1338 713 1508 765 septima

97 779 332 829 Claudiana,
363 779 543 820 imbutae
569 781 703 820 favore
733 779 918 828 Othonis,
948 779 1130 831 quamvis
1159 779 1312 830 proelio
1340 792 1423 818 non
1452 778 1509 818 in-

97 845 337 886 terfuissent.
383 845 610 898 Aquileiam
630 859 870 898 progressae,
894 845 1135 897 proturbatis
1162 844 1232 896 qui
1260 846 1313 886 de
1343 845 1508 885 Othone
1527 856 1546 890 5

97 911 337 952 nuntiabant
361 911 622 964 laceratisque
645 911 797 951 vexillis
826 925 977 952 nomen
1002 910 1154 951 Vitellii
1178 910 1505 963 praeferentibus,

96 983 209 1029 rapta
236 984 440 1030 postremo
467 977 640 1028 pecunia
668 984 707 1017 et
736 977 838 1017 inter
867 991 909 1017 se
938 976 1076 1026 divisa,
1108 976 1303 1017 hostiliter
1332 983 1505 1028 egerant.

97 1043 208 1082 unde
234 1049 364 1083 metus
390 1050 430 1082 et
460 1055 509 1082 ex
539 1050 648 1082 metu
675 1042 899 1092 consilium,
931 1056 1050 1094 posse
1084 1042 1508 1095 imputariVespasia-

96 1121 152 1148 no
177 1121 282 1160 quae
299 1109 408 1160 apud
427 1107 636 1148 Vitellium
670 1109 898 1148 excusanda
930 1116 1052 1148 erant.
1111 1108 1165 1148 ita
1194 1114 1272 1148 tres
1301 1107 1507 1148 Moesicae

96 1173 273 1225 legiones
301 1187 373 1225 per
400 1173 589 1225 epistulas
617 1173 860 1214 adliciebant
888 1173 1167 1214 Pannonicum
1194 1173 1411 1213 exercitum
1437 1180 1507 1213 aut
1529 1185 1569 1208 ιο

95 1238 289 1280 abnuenti
308 1238 389 1279 vim
409 1239 612 1291 parabant.
661 1239 702 1278 in
726 1253 776 1280 eo
797 1247 910 1280 motu
930 1239 1114 1291 Aponius
1135 1239 1371 1279 Saturninus
1393 1240 1508 1279 Moe-

96 1304 178 1344 siae
213 1311 343 1345 rector
382 1304 601 1356 pessimum
643 1306 797 1345 facinus
834 1306 971 1354 audet,
1009 1305 1133 1345 misso
1175 1304 1410 1345 centurione
1453 1304 1508 1346 ad

95 1369 417 1412 interficiendum
432 1370 612 1411 Tettium
636 1369 839 1410 Iulianum
861 1370 1054 1422 septimae
1075 1370 1243 1422 legionis
1264 1372 1439 1422 legatum
1452 1370 1508 1411 ob

95 1434 328 1485 simultates,
367 1435 514 1487 quibus
553 1449 715 1476 causam
754 1435 924 1487 partium
965 1436 1264 1488 praetendebat.
1325 1437 1507 1477 Iulianus

93 1509 301 1554 comperto
342 1501 572 1542 discrimine
615 1509 655 1541 et
696 1501 827 1553 gnaris
876 1503 1056 1542 locorum
1096 1502 1260 1542 adscitis
1307 1516 1378 1554 per
1418 1502 1508 1542 avia
1529 1517 1568 1551 1⁵

96 1566 277 1608 Moesiae
305 1568 407 1607 ultra
435 1574 615 1607 montem
646 1568 853 1607 Haemum
882 1567 1055 1619 profugit
1070 1582 1081 1617 3
1117 1581 1193 1608 nec
1222 1567 1371 1608 deinde
1401 1568 1507 1608 civili

94 1631 203 1673 bello
230 1632 418 1682 interfuit,
448 1646 519 1685 per
546 1632 672 1672 varias
707 1646 838 1672 moras
869 1640 1101 1684 susceptum
1130 1634 1183 1672 ad
1212 1633 1506 1685 Vespasianum

94 1696 168 1738 iter
187 1698 347 1738 trahens
367 1704 408 1738 et
426 1711 475 1738 ex
493 1697 643 1738 nuntiis
663 1687 972 1738 cunctabundus
992 1705 1061 1739 aut
1080 1711 1308 1750 properans.

257 1765 313 1804 At
345 1763 387 1803 in
422 1763 632 1804 Pannonia
660 1763 774 1804 tertia
803 1763 962 1804 decima
995 1763 1099 1815 legio
1132 1777 1180 1803 ac
1214 1764 1386 1816 septima
1414 1766 1507 1807 Gal-
1527 1768 1583 1810 86

95 1828 226 1879 biana,
248 1830 429 1870 dolorem
449 1829 629 1881 iramque
658 1829 935 1869 Bedriacensis
962 1843 1120 1881 pugnae
1146 1829 1373 1879 retinentes,
1397 1832 1507 1871 haud

93 1902 328 1936 cunctanter
351 1897 603 1948 Vespasiano
627 1909 844 1944 accessere,
870 1895 909 1935 vi
937 1895 1152 1947 praecipua
1182 1895 1304 1935 Primi
1324 1897 1504 1937 Antonii.

93 1959 127 2001 is
159 1961 313 2014 legibus
347 1975 497 2002 nocens
531 1969 572 2001 et
604 1968 785 2013 tempore
824 1961 998 2001 Neronis
1030 1961 1117 2001 salsi
1152 1963 1364 2003 damnatus
1403 1963 1506 2004 inter

93 2025 171 2066 alia
204 2026 299 2067 belli
330 2029 436 2067 mala
463 2026 706 2067 senatorium
737 2026 920 2067 ordinem
954 2027 1249 2079 reciperaverat.
1308 2028 1507 2080 praeposi·
1528 2042 1547 2075 5

94 2100 157 2133 tus
185 2106 210 2133 a
237 2093 369 2134 Galba
399 2093 593 2146 septimae
626 2092 774 2145 legioni
804 2092 1044 2144 scriptitasse
1073 2093 1228 2134 Othoni
1257 2094 1508 2145 credebatur,

93 2159 239 2199 ducem
270 2173 312 2200 se
340 2159 518 2212 partibus
548 2161 718 2200 offerens
733 2174 744 2208 3
781 2172 805 2199 a
831 2172 913 2210 quo
939 2161 1143 2210 neglectus
1174 2158 1213 2198 in
1241 2161 1353 2200 nullo
1381 2161 1506 2201 Otho-

97 2274 138 2296 10
161 2265 242 2297 dicit
258 2265 300 2298 M
433 2275 468 2296 11
497 2264 605 2304 quod]
625 2275 691 2304 quo
710 2262 864 2296 Muretus
985 2272 1025 2295 12
1050 2263 1232 2304 pecuniam
1250 2263 1288 2294 M

138 2307 200 2350 85.
226 2319 247 2341 2
271 2309 396 2341 studio.
425 2311 642 2348 transgressa
662 2307 820 2350 Agricola
982 2317 1022 2339 10
1044 2306 1250 2347 allicltebant
1267 2306 1307 2338 M
1467 2318 1505 2347 14

94 2359 217 2385 causas
231 2351 280 2390 M,
299 2363 317 2385 s
333 2352 392 2385 del.
412 2351 467 2384 M¹
607 2353 648 2384 16
670 2352 807 2384 hemum
826 2351 865 2383 M
999 2361 1037 2391 17
1062 2350 1122 2392 ad]
1141 2361 1161 2382 a
1178 2349 1217 2382 M
1302 2350 1306 2353 ’
1496 2353 1502 2355 ’

138 2393 201 2429 86.
226 2405 246 2437 5
270 2395 395 2428 bellum
413 2394 453 2428 M
473 2407 481 2429 z
504 2396 667 2429 benorum
684 2394 859 2428 Deidcriein
