1748 2826
100 185 102 187 -
165 161 229 200 111
249 170 302 211 4⁷
696 136 973 201 CORNELII
1003 161 1199 201 TACITI

249 277 393 324 potens
419 271 527 321 olim,
549 279 588 311 et
617 278 829 323 postquam
859 285 1021 323 regnum
1047 263 1089 311 in
1116 273 1284 311 formam
1310 270 1540 323 provinciae
1563 283 1644 312 ver-

210 351 228 384 5
250 344 359 384 terat,
381 336 608 376 mutationis
628 336 849 388 impatiens.
890 337 1006 388 igitur
1024 336 1172 376 Vitellii
1193 336 1356 376 nomine
1373 335 1535 376 adscitis
1553 348 1645 387 gen—

249 402 366 451 tibus,
399 414 501 453 quae
537 403 709 440 Pontum
749 403 943 449 accolunt,
980 408 1166 452 corrupto
1195 401 1237 440 in
1270 414 1382 452 spem
1419 400 1644 452 rapinarum

249 466 503 518 egentissimo
532 479 703 517 quoque,
736 467 844 506 haud
872 467 1113 506 temnendae
1141 479 1282 504 manus
1315 467 1468 514 ductor,
1496 466 1645 516 Trape-

248 539 407 571 zuntem
435 538 589 571 vetusta
617 532 722 570 fama
751 531 961 578 civitatem,
991 544 1015 569 a
1043 531 1205 570 Graecis
1235 529 1277 568 in
1307 536 1483 569 extremo
1511 528 1645 568 Ponti-

248 609 319 636 cae
347 609 439 635 orae
465 595 679 644 conditam,
711 595 865 635 subitus
892 595 1049 646 inrupit.
1107 607 1222 634 caesa
1241 593 1298 633 ibi
1316 594 1471 642 cohors,
1491 593 1643 644 regium

187 676 226 699 10
247 660 436 700 auxilium
467 660 585 709 olim3
620 674 712 699 mox
745 659 883 699 donati
914 658 1071 698 civitate
1102 660 1287 698 Romana
1316 658 1427 709 signa
1453 671 1643 710 armaque

246 725 288 764 in
319 732 498 765 nostrum
530 726 709 774 modum,
742 724 936 764 desidiam
969 723 1251 774 licentiamque
1281 723 1526 764 Graecorum
1556 723 1645 764 reti-

247 791 406 830 nebant.
465 791 579 829 classi
603 803 765 841 quoque
788 790 892 828 faces
913 788 1055 836 intulit,
1078 801 1205 828 vacuo
1230 787 1328 828 mari
1351 789 1528 838 eludens,
1549 788 1644 841 quia

246 855 477 895 lectissimas
498 854 798 895 Liburnicarum
819 867 1061 905 omnemque
1081 853 1246 893 militem
1266 853 1479 893 Mucianus
1496 855 1644 905 Byzan-

246 920 346 960 tium
369 921 576 972 adegerat:
606 920 702 971 quin
729 926 768 959 et
793 918 949 959 barbari
969 917 1231 970 contemptim
1250 918 1504 969 vagabantur,
1527 917 1643 959 fabri-

185 999 224 1033 15
245 986 342 1026 catis
370 992 533 1036 repente
560 984 737 1024 navibus.
797 997 972 1024 camaras
1000 989 1155 1031 vocant,
1185 982 1279 1022 artis
1306 981 1494 1022 lateribus
1521 983 1641 1022 latam

244 1052 378 1090 alvum
407 1050 492 1090 sine
517 1049 676 1089 vinculo
701 1049 800 1089 aeris
828 1055 897 1088 aut
922 1047 1011 1088 ferri
1037 1060 1229 1087 conexam
1243 1061 1255 1096 3
1282 1053 1322 1086 et
1347 1045 1504 1086 tumido
1531 1046 1640 1095 mari,

246 1122 363 1166 prout
392 1116 535 1154 fluctus
561 1114 760 1162 attollitur,
786 1126 941 1152 summa
967 1112 1127 1152 navium
1156 1111 1303 1151 tabulis
1326 1117 1484 1162 augent,
1510 1111 1641 1151 donec

246 1179 290 1219 in
314 1181 480 1219 modurn
514 1178 607 1218 tecti
634 1179 878 1231 claudantur.
935 1177 991 1217 sic
1019 1176 1122 1216 inter
1149 1177 1277 1216 undas
1305 1176 1527 1224 volvuntur,
1557 1175 1641 1226 pari

244 1243 444 1295 utrimque
473 1256 588 1294 prora
625 1250 664 1283 et
695 1242 875 1281 mutabili
908 1242 1082 1293 remigio,
1118 1242 1282 1292 quando
1314 1240 1409 1280 hinc
1437 1241 1502 1281 vel
1531 1238 1655 1280 illinc·

185 1325 226 1348 20
244 1310 445 1361 adpellere
463 1308 720 1348 indiscretum
740 1314 779 1347 et
798 1306 1004 1346 innoxium
1024 1313 1093 1346 est.

173 1377 227 1427 48
407 1372 589 1413 Advertit
626 1385 673 1412 ea
710 1385 770 1411 res
807 1370 1043 1422 Vespasiani
1080 1369 1258 1410 animum
1288 1376 1332 1409 ut
1365 1367 1585 1411 vexillarios
1617 1381 1640 1410 e

245 1437 468 1489 legionibus
501 1439 726 1487 ducemque
763 1435 946 1475 Virdium
985 1434 1201 1476 Geminum
1240 1441 1441 1486 spectatae
1477 1432 1639 1480 militiae

246 1502 447 1554 deligeret.
503 1501 568 1541 ille
596 1500 906 1552 incompositum
935 1507 974 1540 et
1002 1501 1172 1551 praedae
1196 1499 1387 1551 cupidine
1402 1511 1547 1550 vagum
1571 1499 1640 1539 ho—

244 1576 347 1608 stem
378 1569 540 1608 adortus
573 1565 702 1617 coegit
735 1565 776 1604 in
807 1564 916 1604 navis
931 1579 942 1614 3
981 1563 1211 1615 effectisque
1243 1564 1384 1615 raptim
1416 1562 1639 1602 Liburnicis

208 1650 225 1682 5
244 1631 474 1684 adsequitur
502 1630 715 1670 Anicetum
744 1629 785 1668 in
814 1628 917 1668 ostio
946 1627 1118 1668 fluminis
1147 1627 1295 1677 Chobi,
1319 1634 1453 1667 tutum.
1475 1627 1552 1667 sub
1574 1627 1640 1667 Se-

244 1699 511 1738 dochezorum
539 1695 639 1746 regis
668 1693 826 1741 auxilio,
857 1706 976 1744 quem
1005 1692 1175 1744 pecunia
1207 1691 1405 1743 donisque
1435 1692 1488 1731 ad
1517 1690 1640 1731 socie-

243 1769 365 1802 tatem
397 1761 629 1812 perpulerat.
698 1772 744 1798 ac
775 1758 903 1810 primo
934 1771 1000 1796 rex
1037 1756 1155 1796 minis
1187 1755 1390 1807 armisque
1417 1754 1638 1807 supplicem

245 1826 368 1865 tueri:
398 1832 609 1876 postquam
633 1837 783 1863 merces
809 1821 1042 1874 proditionis
1069 1828 1137 1860 aut
1165 1821 1315 1860 bellum
1341 1820 1635 1868 ostendebatur,

245 1891 360 1937 fluxa,
392 1896 436 1928 ut
466 1895 526 1928 est
555 1888 742 1935 barbaris,
774 1889 853 1926 fide
891 1893 1028 1937 pactus
1066 1884 1226 1924 Aniceti
1261 1884 1424 1924 exitium
1457 1885 1637 1935 perfugas

186 1967 226 1990 10
244 1953 417 2001 tradidit,
439 1953 626 2003 belloque
646 1951 773 1991 servili
794 1953 883 1990 finis
903 1950 1121 2001 impositus.

406 2019 572 2056 Laetum
611 2030 657 2055 ea
690 2015 852 2055 victoria
881 2014 1182 2065 Vespasianum,
1214 2014 1367 2053 cunctis
1399 2025 1516 2064 super
1545 2019 1637 2053 vota

243 2130 265 2160 4
286 2122 438 2151 verteret
454 2118 501 2155 M,
517 2129 596 2150 corr.
614 2118 670 2149 M1
856 2117 877 2147 8
896 2115 1006 2156 {manu
1023 2116 1072 2157 M,
1086 2126 1196 2149 mama
1209 2115 1245 2147 in
1260 2118 1348 2147 textu
1364 2119 1394 2147 et
1408 2115 1425 2146 f
1435 2115 1470 2147 in
1487 2114 1638 2156 margine

243 2162 300 2194 M¹
470 2172 509 2193 12
531 2162 628 2193 classi
644 2159 689 2200 b2,
709 2161 916 2192 Rhenanus:
939 2160 1058 2191 classis
1074 2159 1135 2191 M:
1163 2159 1284 2191 classis
1298 2182 1306 2191 .
1326 2182 1335 2190 .
1355 2182 1364 2191 .
1382 2157 1506 2189 faciem
1519 2157 1638 2189 Meiser

246 2216 284 2245 13
307 2204 491 2236 lectissima
505 2204 547 2236 M
608 2205 786 2235 mucianus
798 2203 984 2235 bizantium
1001 2202 1044 2233 M
1174 2212 1214 2241 14
1229 2201 1417 2242 contempti
1429 2200 1473 2232 M
1523 2199 1636 2232 'sebri-

244 2250 328 2280 catis
345 2248 388 2279 M
554 2256 592 2286 15
616 2247 754 2278 navibus
773 2248 937 2288 (camaras
952 2247 1090 2288 vocant)
1107 2245 1190 2277 artis
1203 2244 1375 2285 lateribus,
1393 2244 1463 2275 lata
1476 2242 1552 2275 alvo
1568 2266 1577 2276 .
1595 2266 1604 2275 .
1622 2265 1633 2276 .

245 2301 375 2323 conexa
391 2291 552 2331 Lipsius:
578 2294 702 2321 vocant
725 2290 808 2321 artis
831 2290 902 2321 sine
924 2288 1125 2320 distinctione
1144 2288 1290 2329 plerique
1310 2286 1383 2320 edd.
1434 2286 1530 2328 artis]
1557 2286 1635 2318 altis

244 2334 425 2375 Nipperdey
559 2334 598 2364 18
621 2333 771 2374 claudan}
791 2333 825 2363 in
832 2334 907 2370 fine
917 2342 1029 2364 versus
1042 2332 1210 2363 maculoso
1341 2339 1384 2361 20
1405 2329 1579 2370 appellare
1595 2328 1639 2360 M

290 2376 352 2419 48.
375 2386 395 2416 5
421 2377 529 2409 Chobi
548 2376 704 2408 Colerus:
729 2375 839 2407 cohibi
859 2376 908 2415 M,
926 2381 1028 2416 supra
1045 2376 1055 2406 i
1073 2375 1219 2415 sortasse
1240 2373 1373 2406 initium
1396 2372 1517 2406 litterae
1537 2372 1562 2404 h
1575 2371 1633 2404 M¹

250 2431 286 2452 11
312 2430 412 2462 supra
434 2419 587 2460 Wb‘lfflin,
604 2418 789 2460 Andresen,
809 2419 876 2451 coll.
895 2418 981 2451 Sall.
997 2419 1072 2450 hist.
1082 2417 1132 2458 sr.
1147 2419 1192 2449 66
