<?xml version="1.0" encoding="UTF-8"?>
<!DOCTYPE html PUBLIC "-//W3C//DTD XHTML 1.0 Transitional//EN"
    "http://www.w3.org/TR/xhtml1/DTD/xhtml1-transitional.dtd">
<html xmlns="http://www.w3.org/1999/xhtml" xml:lang="en" lang="en">
 <head>
  <title>
</title>
<meta http-equiv="Content-Type" content="text/html;charset=utf-8" />
  <meta name='ocr-system' content='tesseract 3.04.00' />
  <meta name='ocr-capabilities' content='ocr_page ocr_carea ocr_par ocr_line ocrx_word'/>
</head>
<body>
  <div class='ocr_page' id='page_1' title='image "./historiarumlibri00taciuoft_0082.png"; bbox 0 0 1748 2826; ppageno 0'>
   <div class='ocr_carea' id='block_1_1' title="bbox 203 138 1209 189">
    <p class='ocr_par' dir='ltr' id='par_1_1' title="bbox 203 138 1209 189">
     <span class='ocr_line' id='line_1_1' title="bbox 203 138 1209 189; baseline -0.003 -9"><span class='ocrx_word' id='word_1_1' title='bbox 203 142 244 181; x_wconf 94' lang='lat' dir='ltr'><strong>II</strong></span> <span class='ocrx_word' id='word_1_2' title='bbox 265 151 313 189; x_wconf 88' lang='lat'><strong>19</strong></span> <span class='ocrx_word' id='word_1_3' title='bbox 706 139 984 179; x_wconf 91' lang='lat' dir='ltr'><strong>CORNELII</strong></span> <span class='ocrx_word' id='word_1_4' title='bbox 1013 138 1209 178; x_wconf 94' lang='lat' dir='ltr'><strong>TACITI</strong></span> 
     </span>
    </p>
   </div>
   <div class='ocr_carea' id='block_1_2' title="bbox 187 250 1657 1994">
    <p class='ocr_par' dir='ltr' id='par_1_2' title="bbox 225 250 1657 564">
     <span class='ocr_line' id='line_1_2' title="bbox 225 250 1654 306; baseline -0.001 -12"><span class='ocrx_word' id='word_1_5' title='bbox 225 267 243 300; x_wconf 88' lang='lat'>5</span> <span class='ocrx_word' id='word_1_6' title='bbox 263 255 352 294; x_wconf 87' lang='lat' dir='ltr'><strong>cina</strong></span> <span class='ocrx_word' id='word_1_7' title='bbox 385 252 611 306; x_wconf 86' lang='lat' dir='ltr'><strong>patentibus</strong></span> <span class='ocrx_word' id='word_1_8' title='bbox 641 252 791 304; x_wconf 91' lang='lat' dir='ltr'><strong>campis</strong></span> <span class='ocrx_word' id='word_1_9' title='bbox 824 259 904 292; x_wconf 91' lang='lat' dir='ltr'><strong>tam</strong></span> <span class='ocrx_word' id='word_1_10' title='bbox 936 265 1083 304; x_wconf 89' lang='lat' dir='ltr'><strong>paucas</strong></span> <span class='ocrx_word' id='word_1_11' title='bbox 1117 252 1289 293; x_wconf 89' lang='lat' dir='ltr'>cohortis</span> <span class='ocrx_word' id='word_1_12' title='bbox 1327 250 1654 292; x_wconf 87' lang='lat' dir='ltr'><strong>circumfudisset.</strong></span> 
     </span>
     <span class='ocr_line' id='line_1_3' title="bbox 262 316 1656 371; baseline -0.001 -13"><span class='ocrx_word' id='word_1_13' title='bbox 262 319 421 371; x_wconf 87' lang='lat' dir='ltr'><strong>iamque</strong></span> <span class='ocrx_word' id='word_1_14' title='bbox 459 318 550 359; x_wconf 85' lang='lat' dir='ltr'><strong>totis</strong></span> <span class='ocrx_word' id='word_1_15' title='bbox 588 317 723 357; x_wconf 90' lang='lat' dir='ltr'><strong>castris</strong></span> <span class='ocrx_word' id='word_1_16' title='bbox 768 316 937 358; x_wconf 89' lang='lat' dir='ltr'>modesti</span> <span class='ocrx_word' id='word_1_17' title='bbox 983 330 1195 366; x_wconf 86' lang='lat' dir='ltr'><strong>sermones,</strong></span> <span class='ocrx_word' id='word_1_18' title='bbox 1234 324 1275 358; x_wconf 88' lang='lat' dir='ltr'><strong>et</strong></span> <span class='ocrx_word' id='word_1_19' title='bbox 1314 316 1577 358; x_wconf 90' lang='lat' dir='ltr'><strong>inserentibus</strong></span> <span class='ocrx_word' id='word_1_20' title='bbox 1613 329 1656 357; x_wconf 89' lang='lat' dir='ltr'><strong>se</strong></span> 
     </span>
     <span class='ocr_line' id='line_1_4' title="bbox 261 381 1657 434; baseline -0.001 -10"><span class='ocrx_word' id='word_1_21' title='bbox 261 384 558 424; x_wconf 84' lang='lat' dir='ltr'>centurionibus</span> <span class='ocrx_word' id='word_1_22' title='bbox 588 382 835 434; x_wconf 86' lang='lat' dir='ltr'>tribunisque</span> <span class='ocrx_word' id='word_1_23' title='bbox 864 382 1013 423; x_wconf 88' lang='lat' dir='ltr'><strong>laudari</strong></span> <span class='ocrx_word' id='word_1_24' title='bbox 1042 382 1291 434; x_wconf 86' lang='lat' dir='ltr'><strong>providentia</strong></span> <span class='ocrx_word' id='word_1_25' title='bbox 1316 381 1428 422; x_wconf 91' lang='lat' dir='ltr'><strong>ducis</strong></span> <span class='ocrx_word' id='word_1_26' title='bbox 1455 383 1566 434; x_wconf 89' lang='lat' dir='ltr'><strong>quod</strong></span> <span class='ocrx_word' id='word_1_27' title='bbox 1592 393 1657 422; x_wconf 92' lang='lat' dir='ltr'><strong>co-</strong></span> 
     </span>
     <span class='ocr_line' id='line_1_5' title="bbox 261 445 1656 500; baseline -0.003 -10"><span class='ocrx_word' id='word_1_28' title='bbox 261 449 410 490; x_wconf 87' lang='lat' dir='ltr'><strong>loniam</strong></span> <span class='ocrx_word' id='word_1_29' title='bbox 438 448 578 489; x_wconf 91' lang='lat' dir='ltr'><strong>virium</strong></span> <span class='ocrx_word' id='word_1_30' title='bbox 608 455 646 488; x_wconf 92' lang='lat' dir='ltr'><strong>et</strong></span> <span class='ocrx_word' id='word_1_31' title='bbox 675 461 798 500; x_wconf 89' lang='lat' dir='ltr'><strong>opum</strong></span> <span class='ocrx_word' id='word_1_32' title='bbox 818 447 989 488; x_wconf 89' lang='lat' dir='ltr'><strong>validam</strong></span> <span class='ocrx_word' id='word_1_33' title='bbox 1018 448 1138 488; x_wconf 92' lang='lat' dir='ltr'><strong>robur</strong></span> <span class='ocrx_word' id='word_1_34' title='bbox 1166 461 1213 488; x_wconf 88' lang='lat' dir='ltr'><strong>ac</strong></span> <span class='ocrx_word' id='word_1_35' title='bbox 1246 448 1383 488; x_wconf 86' lang='lat' dir='ltr'><strong>sedem</strong></span> <span class='ocrx_word' id='word_1_36' title='bbox 1410 447 1518 487; x_wconf 91' lang='lat' dir='ltr'><strong>bello</strong></span> <span class='ocrx_word' id='word_1_37' title='bbox 1545 445 1656 498; x_wconf 88' lang='lat' dir='ltr'><strong>legis-</strong></span> 
     </span>
     <span class='ocr_line' id='line_1_6' title="bbox 261 510 1656 564; baseline -0.002 -11"><span class='ocrx_word' id='word_1_38' title='bbox 261 521 329 553; x_wconf 88' lang='lat' dir='ltr'><strong>set.</strong></span> <span class='ocrx_word' id='word_1_39' title='bbox 400 514 483 564; x_wconf 89' lang='lat' dir='ltr'><strong>ipse</strong></span> <span class='ocrx_word' id='word_1_40' title='bbox 514 519 714 564; x_wconf 89' lang='lat' dir='ltr'><strong>postremo</strong></span> <span class='ocrx_word' id='word_1_41' title='bbox 748 511 954 563; x_wconf 83' lang='lat' dir='ltr'>Spurinna,</span> <span class='ocrx_word' id='word_1_42' title='bbox 991 526 1072 551; x_wconf 91' lang='lat' dir='ltr'><strong>non</strong></span> <span class='ocrx_word' id='word_1_43' title='bbox 1106 519 1185 551; x_wconf 88' lang='lat' dir='ltr'><strong>tam</strong></span> <span class='ocrx_word' id='word_1_44' title='bbox 1225 514 1383 563; x_wconf 92' lang='lat' dir='ltr'><strong>culpam</strong></span> <span class='ocrx_word' id='word_1_45' title='bbox 1415 510 1656 563; x_wconf 86' lang='lat' dir='ltr'><strong>exprobrans</strong></span> 
     </span>
    </p>

    <p class='ocr_par' dir='ltr' id='par_1_3' title="bbox 204 575 1657 888">
     <span class='ocr_line' id='line_1_7' title="bbox 204 575 1657 629; baseline -0.003 -11"><span class='ocrx_word' id='word_1_46' title='bbox 204 596 241 618; x_wconf 87' lang='lat'><strong>10</strong></span> <span class='ocrx_word' id='word_1_47' title='bbox 260 591 380 629; x_wconf 88' lang='lat' dir='ltr'><strong>quam</strong></span> <span class='ocrx_word' id='word_1_48' title='bbox 407 577 599 617; x_wconf 89' lang='lat' dir='ltr'><strong>rationem</strong></span> <span class='ocrx_word' id='word_1_49' title='bbox 629 577 855 624; x_wconf 89' lang='lat' dir='ltr'><strong>ostendens,</strong></span> <span class='ocrx_word' id='word_1_50' title='bbox 884 575 1026 616; x_wconf 91' lang='lat' dir='ltr'><strong>relictis</strong></span> <span class='ocrx_word' id='word_1_51' title='bbox 1054 576 1365 627; x_wconf 86' lang='lat' dir='ltr'><strong>exploratoribus</strong></span> <span class='ocrx_word' id='word_1_52' title='bbox 1393 582 1545 616; x_wconf 89' lang='lat' dir='ltr'><strong>ceteros</strong></span> <span class='ocrx_word' id='word_1_53' title='bbox 1571 576 1657 614; x_wconf 87' lang='lat' dir='ltr'><strong>Pla-</strong></span> 
     </span>
     <span class='ocr_line' id='line_1_8' title="bbox 260 639 1656 692; baseline -0.003 -9"><span class='ocrx_word' id='word_1_54' title='bbox 260 642 431 684; x_wconf 86' lang='lat' dir='ltr'><strong>centiam</strong></span> <span class='ocrx_word' id='word_1_55' title='bbox 461 643 614 682; x_wconf 89' lang='lat' dir='ltr'><strong>reduxit</strong></span> <span class='ocrx_word' id='word_1_56' title='bbox 639 641 769 680; x_wconf 90' lang='lat' dir='ltr'><strong>minus</strong></span> <span class='ocrx_word' id='word_1_57' title='bbox 797 640 976 681; x_wconf 91' lang='lat' dir='ltr'><strong>turbidos</strong></span> <span class='ocrx_word' id='word_1_58' title='bbox 1000 648 1039 681; x_wconf 90' lang='lat' dir='ltr'><strong>et</strong></span> <span class='ocrx_word' id='word_1_59' title='bbox 1064 641 1226 692; x_wconf 90' lang='lat' dir='ltr'><strong>imperia</strong></span> <span class='ocrx_word' id='word_1_60' title='bbox 1254 639 1495 692; x_wconf 86' lang='lat' dir='ltr'><strong>accipientis.</strong></span> <span class='ocrx_word' id='word_1_61' title='bbox 1566 639 1656 680; x_wconf 86' lang='lat' dir='ltr'><strong>soli-</strong></span> 
     </span>
     <span class='ocr_line' id='line_1_9' title="bbox 260 704 1656 757; baseline -0.003 -9"><span class='ocrx_word' id='word_1_62' title='bbox 260 708 342 748; x_wconf 89' lang='lat' dir='ltr'><strong>dati</strong></span> <span class='ocrx_word' id='word_1_63' title='bbox 376 707 487 756; x_wconf 90' lang='lat' dir='ltr'><strong>muri,</strong></span> <span class='ocrx_word' id='word_1_64' title='bbox 519 707 815 757; x_wconf 90' lang='lat' dir='ltr'><strong>propugnacula</strong></span> <span class='ocrx_word' id='word_1_65' title='bbox 848 705 994 754; x_wconf 86' lang='lat' dir='ltr'><strong>addita,</strong></span> <span class='ocrx_word' id='word_1_66' title='bbox 1030 712 1169 745; x_wconf 89' lang='lat' dir='ltr'><strong>auctae</strong></span> <span class='ocrx_word' id='word_1_67' title='bbox 1200 713 1336 755; x_wconf 87' lang='lat' dir='ltr'><strong>turreS,</strong></span> <span class='ocrx_word' id='word_1_68' title='bbox 1365 704 1521 757; x_wconf 87' lang='lat' dir='ltr'><strong>provisa</strong></span> <span class='ocrx_word' id='word_1_69' title='bbox 1548 717 1656 756; x_wconf 81' lang='lat' dir='ltr'><strong>para—</strong></span> 
     </span>
     <span class='ocr_line' id='line_1_10' title="bbox 259 770 1655 824; baseline -0.001 -11"><span class='ocrx_word' id='word_1_70' title='bbox 259 780 378 824; x_wconf 88' lang='lat' dir='ltr'><strong>taque</strong></span> <span class='ocrx_word' id='word_1_71' title='bbox 398 786 479 812; x_wconf 89' lang='lat' dir='ltr'><strong>non</strong></span> <span class='ocrx_word' id='word_1_72' title='bbox 502 784 610 811; x_wconf 87' lang='lat' dir='ltr'><strong>arma</strong></span> <span class='ocrx_word' id='word_1_73' title='bbox 640 771 762 810; x_wconf 89' lang='lat' dir='ltr'><strong>modo</strong></span> <span class='ocrx_word' id='word_1_74' title='bbox 789 771 859 810; x_wconf 86' lang='lat' dir='ltr'><strong>sed</strong></span> <span class='ocrx_word' id='word_1_75' title='bbox 883 770 1120 822; x_wconf 91' lang='lat' dir='ltr'><strong>obsequium</strong></span> <span class='ocrx_word' id='word_1_76' title='bbox 1149 778 1188 810; x_wconf 89' lang='lat' dir='ltr'><strong>et</strong></span> <span class='ocrx_word' id='word_1_77' title='bbox 1214 771 1377 822; x_wconf 90' lang='lat' dir='ltr'><strong>parendi</strong></span> <span class='ocrx_word' id='word_1_78' title='bbox 1401 784 1522 820; x_wconf 89' lang='lat' dir='ltr'><strong>amor,</strong></span> <span class='ocrx_word' id='word_1_79' title='bbox 1543 772 1655 823; x_wconf 87' lang='lat' dir='ltr'><strong>quod</strong></span> 
     </span>
     <span class='ocr_line' id='line_1_11' title="bbox 259 835 1490 888; baseline -0.002 -10"><span class='ocrx_word' id='word_1_80' title='bbox 259 840 388 878; x_wconf 89' lang='lat' dir='ltr'><strong>solum</strong></span> <span class='ocrx_word' id='word_1_81' title='bbox 408 837 482 877; x_wconf 88' lang='lat' dir='ltr'><strong>illis</strong></span> <span class='ocrx_word' id='word_1_82' title='bbox 501 835 678 888; x_wconf 85' lang='lat' dir='ltr'><strong>partibus</strong></span> <span class='ocrx_word' id='word_1_83' title='bbox 698 835 832 883; x_wconf 88' lang='lat' dir='ltr'><strong>defuit,</strong></span> <span class='ocrx_word' id='word_1_84' title='bbox 855 848 947 875; x_wconf 91' lang='lat' dir='ltr'><strong>cum</strong></span> <span class='ocrx_word' id='word_1_85' title='bbox 967 835 1117 876; x_wconf 90' lang='lat' dir='ltr'><strong>virtutis</strong></span> <span class='ocrx_word' id='word_1_86' title='bbox 1137 838 1244 876; x_wconf 86' lang='lat' dir='ltr'><strong>haud</strong></span> <span class='ocrx_word' id='word_1_87' title='bbox 1263 835 1490 888; x_wconf 86' lang='lat' dir='ltr'><strong>paeniteret.</strong></span> 
     </span>
    </p>

    <p class='ocr_par' dir='ltr' id='par_1_4' title="bbox 187 895 1655 1150">
     <span class='ocr_line' id='line_1_12' title="bbox 187 895 1654 953; baseline 0 -11"><span class='ocrx_word' id='word_1_88' title='bbox 187 917 241 945; x_wconf 78' lang='lat'><strong>20</strong></span> <span class='ocrx_word' id='word_1_89' title='bbox 420 904 475 942; x_wconf 91' lang='lat' dir='ltr'><strong>At</strong></span> <span class='ocrx_word' id='word_1_90' title='bbox 513 901 696 948; x_wconf 88' lang='lat' dir='ltr'><strong>Caecina,</strong></span> <span class='ocrx_word' id='word_1_91' title='bbox 737 901 844 939; x_wconf 88' lang='lat' dir='ltr'><strong>velut</strong></span> <span class='ocrx_word' id='word_1_92' title='bbox 882 900 1016 940; x_wconf 90' lang='lat' dir='ltr'><strong>relicta</strong></span> <span class='ocrx_word' id='word_1_93' title='bbox 1054 908 1143 951; x_wconf 89' lang='lat' dir='ltr'><strong>post</strong></span> <span class='ocrx_word' id='word_1_94' title='bbox 1181 901 1294 953; x_wconf 92' lang='lat' dir='ltr'><strong>Alpis</strong></span> <span class='ocrx_word' id='word_1_95' title='bbox 1333 900 1493 941; x_wconf 86' lang='lat' dir='ltr'><strong>saevitia</strong></span> <span class='ocrx_word' id='word_1_96' title='bbox 1529 914 1577 942; x_wconf 88' lang='lat' dir='ltr'><strong>ac</strong></span> <span class='ocrx_word' id='word_1_97' title='bbox 1612 895 1654 942; x_wconf 88' lang='lat' dir='ltr'><strong>li-</strong></span> 
     </span>
     <span class='ocr_line' id='line_1_13' title="bbox 259 964 1653 1018; baseline -0.001 -11"><span class='ocrx_word' id='word_1_98' title='bbox 259 966 401 1017; x_wconf 88' lang='lat' dir='ltr'><strong>centia,</strong></span> <span class='ocrx_word' id='word_1_99' title='bbox 422 968 605 1006; x_wconf 91' lang='lat' dir='ltr'><strong>modesto</strong></span> <span class='ocrx_word' id='word_1_100' title='bbox 633 964 790 1016; x_wconf 85' lang='lat' dir='ltr'><strong>agmine</strong></span> <span class='ocrx_word' id='word_1_101' title='bbox 810 978 880 1016; x_wconf 90' lang='lat' dir='ltr'><strong>per</strong></span> <span class='ocrx_word' id='word_1_102' title='bbox 909 965 1063 1005; x_wconf 88' lang='lat' dir='ltr'><strong>Italiam</strong></span> <span class='ocrx_word' id='word_1_103' title='bbox 1094 966 1263 1007; x_wconf 85' lang='lat' dir='ltr'><strong>incessit.</strong></span> <span class='ocrx_word' id='word_1_104' title='bbox 1322 973 1504 1007; x_wconf 89' lang='lat' dir='ltr'><strong>ornatum</strong></span> <span class='ocrx_word' id='word_1_105' title='bbox 1530 965 1653 1018; x_wconf 89' lang='lat' dir='ltr'><strong>ipsius</strong></span> 
     </span>
     <span class='ocr_line' id='line_1_14' title="bbox 258 1030 1655 1083; baseline 0.001 -12"><span class='ocrx_word' id='word_1_106' title='bbox 258 1032 473 1083; x_wconf 90' lang='lat' dir='ltr'><strong>municipia</strong></span> <span class='ocrx_word' id='word_1_107' title='bbox 503 1038 542 1072; x_wconf 89' lang='lat' dir='ltr'><strong>et</strong></span> <span class='ocrx_word' id='word_1_108' title='bbox 570 1030 751 1070; x_wconf 88' lang='lat' dir='ltr'><strong>coloniae</strong></span> <span class='ocrx_word' id='word_1_109' title='bbox 779 1030 820 1070; x_wconf 92' lang='lat' dir='ltr'><strong>in</strong></span> <span class='ocrx_word' id='word_1_110' title='bbox 847 1031 1072 1082; x_wconf 83' lang='lat' dir='ltr'><strong>superbiam</strong></span> <span class='ocrx_word' id='word_1_111' title='bbox 1102 1032 1321 1080; x_wconf 88' lang='lat' dir='ltr'><strong>trahebant,</strong></span> <span class='ocrx_word' id='word_1_112' title='bbox 1352 1033 1462 1083; x_wconf 90' lang='lat' dir='ltr'><strong>quod</strong></span> <span class='ocrx_word' id='word_1_113' title='bbox 1488 1030 1655 1072; x_wconf 86' lang='lat' dir='ltr'><strong>versico-</strong></span> 
     </span>
     <span class='ocr_line' id='line_1_15' title="bbox 257 1094 1654 1150; baseline 0 -14"><span class='ocrx_word' id='word_1_114' title='bbox 257 1098 329 1137; x_wconf 89' lang='lat' dir='ltr'><strong>lori</strong></span> <span class='ocrx_word' id='word_1_115' title='bbox 349 1098 495 1148; x_wconf 87' lang='lat' dir='ltr'><strong>sagulo‚</strong></span> <span class='ocrx_word' id='word_1_116' title='bbox 518 1097 655 1136; x_wconf 85' lang='lat' dir='ltr'><strong>bracas</strong></span> <span class='ocrx_word' id='word_1_117' title='bbox 687 1094 914 1149; x_wconf 86' lang='lat' dir='ltr'><strong>[barbarum</strong></span> <span class='ocrx_word' id='word_1_118' title='bbox 944 1094 1143 1150; x_wconf 89' lang='lat' dir='ltr'><strong>tecgmen]</strong></span> <span class='ocrx_word' id='word_1_119' title='bbox 1174 1096 1336 1136; x_wconf 89' lang='lat' dir='ltr'><strong>indutus</strong></span> <span class='ocrx_word' id='word_1_120' title='bbox 1364 1103 1519 1147; x_wconf 89' lang='lat' dir='ltr'><strong>togatos</strong></span> <span class='ocrx_word' id='word_1_121' title='bbox 1546 1096 1654 1136; x_wconf 89' lang='lat' dir='ltr'><strong>adlo-</strong></span> 
     </span>
    </p>

    <p class='ocr_par' dir='ltr' id='par_1_5' title="bbox 221 1161 1653 1475">
     <span class='ocr_line' id='line_1_16' title="bbox 221 1161 1653 1214; baseline -0.001 -12"><span class='ocrx_word' id='word_1_122' title='bbox 221 1177 238 1210; x_wconf 87' lang='lat'><strong>5</strong></span> <span class='ocrx_word' id='word_1_123' title='bbox 257 1170 451 1214; x_wconf 88' lang='lat' dir='ltr'><strong>queretur.</strong></span> <span class='ocrx_word' id='word_1_124' title='bbox 500 1175 662 1201; x_wconf 90' lang='lat' dir='ltr'><strong>uxorem</strong></span> <span class='ocrx_word' id='word_1_125' title='bbox 682 1174 842 1212; x_wconf 90' lang='lat' dir='ltr'><strong>quoque</strong></span> <span class='ocrx_word' id='word_1_126' title='bbox 870 1161 953 1201; x_wconf 90' lang='lat' dir='ltr'><strong>eius</strong></span> <span class='ocrx_word' id='word_1_127' title='bbox 981 1161 1220 1209; x_wconf 88' lang='lat' dir='ltr'><strong>Saloninam,</strong></span> <span class='ocrx_word' id='word_1_128' title='bbox 1242 1174 1486 1212; x_wconf 87' lang='lat' dir='ltr'><strong>quamquam</strong></span> <span class='ocrx_word' id='word_1_129' title='bbox 1509 1161 1550 1200; x_wconf 94' lang='lat' dir='ltr'><strong>in</strong></span> <span class='ocrx_word' id='word_1_130' title='bbox 1569 1162 1653 1200; x_wconf 90' lang='lat' dir='ltr'><strong>nul-</strong></span> 
     </span>
     <span class='ocr_line' id='line_1_17' title="bbox 256 1226 1652 1278; baseline 0 -11"><span class='ocrx_word' id='word_1_131' title='bbox 256 1228 330 1267; x_wconf 93' lang='lat' dir='ltr'><strong>lius</strong></span> <span class='ocrx_word' id='word_1_132' title='bbox 356 1227 537 1267; x_wconf 89' lang='lat' dir='ltr'><strong>iniuriam</strong></span> <span class='ocrx_word' id='word_1_133' title='bbox 566 1226 728 1278; x_wconf 91' lang='lat' dir='ltr'><strong>insignis</strong></span> <span class='ocrx_word' id='word_1_134' title='bbox 757 1239 862 1277; x_wconf 92' lang='lat' dir='ltr'><strong>equo</strong></span> <span class='ocrx_word' id='word_1_135' title='bbox 886 1233 1073 1278; x_wconf 89' lang='lat' dir='ltr'><strong>ostroque</strong></span> <span class='ocrx_word' id='word_1_136' title='bbox 1097 1228 1312 1275; x_wconf 89' lang='lat' dir='ltr'><strong>veheretur,</strong></span> <span class='ocrx_word' id='word_1_137' title='bbox 1333 1234 1538 1277; x_wconf 82' lang='lat' dir='ltr'><strong>tamquam</strong></span> <span class='ocrx_word' id='word_1_138' title='bbox 1557 1226 1652 1267; x_wconf 89' lang='lat' dir='ltr'><strong>laesi</strong></span> 
     </span>
     <span class='ocr_line' id='line_1_18' title="bbox 255 1291 1651 1344; baseline -0.002 -11"><span class='ocrx_word' id='word_1_139' title='bbox 255 1294 526 1344; x_wconf 86' lang='lat' dir='ltr'><strong>gravabantur,</strong></span> <span class='ocrx_word' id='word_1_140' title='bbox 562 1292 678 1332; x_wconf 89' lang='lat' dir='ltr'><strong>insita</strong></span> <span class='ocrx_word' id='word_1_141' title='bbox 711 1292 941 1332; x_wconf 89' lang='lat' dir='ltr'><strong>mortalibus</strong></span> <span class='ocrx_word' id='word_1_142' title='bbox 973 1299 1111 1333; x_wconf 89' lang='lat' dir='ltr'><strong>natura</strong></span> <span class='ocrx_word' id='word_1_143' title='bbox 1143 1298 1342 1332; x_wconf 88' lang='lat' dir='ltr'><strong>recentem</strong></span> <span class='ocrx_word' id='word_1_144' title='bbox 1371 1291 1539 1332; x_wconf 89' lang='lat' dir='ltr'><strong>aliorum</strong></span> <span class='ocrx_word' id='word_1_145' title='bbox 1566 1291 1651 1331; x_wconf 89' lang='lat' dir='ltr'><strong>feli-</strong></span> 
     </span>
     <span class='ocr_line' id='line_1_19' title="bbox 255 1356 1652 1408; baseline 0.001 -10"><span class='ocrx_word' id='word_1_146' title='bbox 255 1358 415 1398; x_wconf 89' lang='lat' dir='ltr'><strong>citatem</strong></span> <span class='ocrx_word' id='word_1_147' title='bbox 461 1358 616 1398; x_wconf 87' lang='lat' dir='ltr'><strong>acribus</strong></span> <span class='ocrx_word' id='word_1_148' title='bbox 657 1356 782 1396; x_wconf 92' lang='lat' dir='ltr'><strong>oculis</strong></span> <span class='ocrx_word' id='word_1_149' title='bbox 825 1356 1079 1407; x_wconf 91' lang='lat' dir='ltr'><strong>introspicere</strong></span> <span class='ocrx_word' id='word_1_150' title='bbox 1126 1358 1372 1408; x_wconf 89' lang='lat' dir='ltr'><strong>modumque</strong></span> <span class='ocrx_word' id='word_1_151' title='bbox 1412 1357 1592 1396; x_wconf 88' lang='lat' dir='ltr'><strong>fortunae</strong></span> <span class='ocrx_word' id='word_1_152' title='bbox 1627 1369 1652 1399; x_wconf 83' lang='lat' dir='ltr'><strong>a</strong></span> 
     </span>
     <span class='ocr_line' id='line_1_20' title="bbox 256 1421 1651 1475; baseline -0.001 -12"><span class='ocrx_word' id='word_1_153' title='bbox 256 1425 372 1463; x_wconf 91' lang='lat' dir='ltr'><strong>nullis</strong></span> <span class='ocrx_word' id='word_1_154' title='bbox 399 1423 522 1475; x_wconf 88' lang='lat' dir='ltr'><strong>magis</strong></span> <span class='ocrx_word' id='word_1_155' title='bbox 546 1422 698 1474; x_wconf 85' lang='lat' dir='ltr'><strong>exigere</strong></span> <span class='ocrx_word' id='word_1_156' title='bbox 727 1435 847 1474; x_wconf 89' lang='lat' dir='ltr'><strong>quam</strong></span> <span class='ocrx_word' id='word_1_157' title='bbox 872 1435 973 1474; x_wconf 89' lang='lat' dir='ltr'><strong>quos</strong></span> <span class='ocrx_word' id='word_1_158' title='bbox 1003 1424 1045 1463; x_wconf 91' lang='lat' dir='ltr'><strong>in</strong></span> <span class='ocrx_word' id='word_1_159' title='bbox 1068 1436 1197 1475; x_wconf 90' lang='lat' dir='ltr'><strong>aequo</strong></span> <span class='ocrx_word' id='word_1_160' title='bbox 1224 1423 1419 1463; x_wconf 88' lang='lat' dir='ltr'><strong>viderunt.</strong></span> <span class='ocrx_word' id='word_1_161' title='bbox 1477 1421 1651 1463; x_wconf 87' lang='lat' dir='ltr'><strong>Caecina</strong></span> 
     </span>
    </p>

    <p class='ocr_par' dir='ltr' id='par_1_6' title="bbox 199 1487 1651 1798">
     <span class='ocr_line' id='line_1_21' title="bbox 199 1487 1651 1539; baseline 0.001 -14"><span class='ocrx_word' id='word_1_162' title='bbox 199 1503 239 1527; x_wconf 88' lang='lat'><strong>10</strong></span> <span class='ocrx_word' id='word_1_163' title='bbox 257 1490 412 1529; x_wconf 89' lang='lat' dir='ltr'><strong>Padum</strong></span> <span class='ocrx_word' id='word_1_164' title='bbox 440 1496 711 1539; x_wconf 86' lang='lat' dir='ltr'><strong>transgressus,</strong></span> <span class='ocrx_word' id='word_1_165' title='bbox 742 1494 933 1538; x_wconf 86' lang='lat' dir='ltr'><strong>temptata</strong></span> <span class='ocrx_word' id='word_1_166' title='bbox 963 1487 1281 1528; x_wconf 90' lang='lat' dir='ltr'><strong>Othonianorum</strong></span> <span class='ocrx_word' id='word_1_167' title='bbox 1309 1487 1390 1527; x_wconf 89' lang='lat' dir='ltr'><strong>fide</strong></span> <span class='ocrx_word' id='word_1_168' title='bbox 1418 1499 1489 1538; x_wconf 89' lang='lat' dir='ltr'><strong>per</strong></span> <span class='ocrx_word' id='word_1_169' title='bbox 1519 1487 1651 1526; x_wconf 90' lang='lat' dir='ltr'><strong>conlo-</strong></span> 
     </span>
     <span class='ocr_line' id='line_1_22' title="bbox 255 1551 1651 1606; baseline -0.002 -13"><span class='ocrx_word' id='word_1_170' title='bbox 255 1554 394 1606; x_wconf 90' lang='lat' dir='ltr'><strong>quium</strong></span> <span class='ocrx_word' id='word_1_171' title='bbox 423 1560 462 1593; x_wconf 90' lang='lat' dir='ltr'><strong>et</strong></span> <span class='ocrx_word' id='word_1_172' title='bbox 489 1552 690 1604; x_wconf 89' lang='lat' dir='ltr'><strong>promissa,</strong></span> <span class='ocrx_word' id='word_1_173' title='bbox 722 1551 850 1591; x_wconf 90' lang='lat' dir='ltr'><strong>isdem</strong></span> <span class='ocrx_word' id='word_1_174' title='bbox 879 1552 1040 1603; x_wconf 87' lang='lat' dir='ltr'><strong>petitus,</strong></span> <span class='ocrx_word' id='word_1_175' title='bbox 1070 1559 1280 1604; x_wconf 89' lang='lat' dir='ltr'><strong>postquam</strong></span> <span class='ocrx_word' id='word_1_176' title='bbox 1313 1564 1390 1605; x_wconf 83' lang='lat' dir='ltr'><strong>pax</strong></span> <span class='ocrx_word' id='word_1_177' title='bbox 1423 1558 1463 1591; x_wconf 86' lang='lat' dir='ltr'><strong>et</strong></span> <span class='ocrx_word' id='word_1_178' title='bbox 1491 1563 1651 1592; x_wconf 90' lang='lat' dir='ltr'><strong>concor-</strong></span> 
     </span>
     <span class='ocr_line' id='line_1_23' title="bbox 254 1614 1650 1670; baseline -0.002 -11"><span class='ocrx_word' id='word_1_179' title='bbox 254 1619 321 1659; x_wconf 86' lang='lat' dir='ltr'><strong>dia</strong></span> <span class='ocrx_word' id='word_1_180' title='bbox 344 1619 531 1670; x_wconf 90' lang='lat' dir='ltr'><strong>speciosis</strong></span> <span class='ocrx_word' id='word_1_181' title='bbox 557 1624 596 1657; x_wconf 90' lang='lat' dir='ltr'><strong>et</strong></span> <span class='ocrx_word' id='word_1_182' title='bbox 622 1616 746 1656; x_wconf 91' lang='lat' dir='ltr'><strong>inritis</strong></span> <span class='ocrx_word' id='word_1_183' title='bbox 773 1616 1002 1657; x_wconf 89' lang='lat' dir='ltr'><strong>nominibus</strong></span> <span class='ocrx_word' id='word_1_184' title='bbox 1029 1617 1172 1657; x_wconf 90' lang='lat' dir='ltr'><strong>iactata</strong></span> <span class='ocrx_word' id='word_1_185' title='bbox 1201 1623 1305 1665; x_wconf 90' lang='lat' dir='ltr'><strong>sunt,</strong></span> <span class='ocrx_word' id='word_1_186' title='bbox 1334 1614 1500 1657; x_wconf 89' lang='lat' dir='ltr'><strong>consilia</strong></span> <span class='ocrx_word' id='word_1_187' title='bbox 1523 1623 1650 1656; x_wconf 85' lang='lat' dir='ltr'><strong>curas-</strong></span> 
     </span>
     <span class='ocr_line' id='line_1_24' title="bbox 253 1679 1650 1735; baseline -0.003 -12"><span class='ocrx_word' id='word_1_188' title='bbox 253 1697 332 1735; x_wconf 91' lang='lat' dir='ltr'><strong>que</strong></span> <span class='ocrx_word' id='word_1_189' title='bbox 360 1683 401 1722; x_wconf 89' lang='lat' dir='ltr'><strong>in</strong></span> <span class='ocrx_word' id='word_1_190' title='bbox 430 1682 768 1734; x_wconf 87' lang='lat' dir='ltr'><strong>obpugnationem</strong></span> <span class='ocrx_word' id='word_1_191' title='bbox 795 1681 1021 1722; x_wconf 89' lang='lat' dir='ltr'><strong>Placentiae</strong></span> <span class='ocrx_word' id='word_1_192' title='bbox 1057 1695 1202 1733; x_wconf 87' lang='lat' dir='ltr'><strong>magno</strong></span> <span class='ocrx_word' id='word_1_193' title='bbox 1231 1688 1378 1722; x_wconf 86' lang='lat' dir='ltr'><strong>terrore</strong></span> <span class='ocrx_word' id='word_1_194' title='bbox 1404 1679 1531 1728; x_wconf 91' lang='lat' dir='ltr'><strong>vertit,</strong></span> <span class='ocrx_word' id='word_1_195' title='bbox 1557 1692 1650 1732; x_wconf 86' lang='lat' dir='ltr'><strong>gna-</strong></span> 
     </span>
     <span class='ocr_line' id='line_1_25' title="bbox 254 1746 1406 1798; baseline -0.001 -11"><span class='ocrx_word' id='word_1_196' title='bbox 254 1761 319 1788; x_wconf 91' lang='lat' dir='ltr'><strong>rus</strong></span> <span class='ocrx_word' id='word_1_197' title='bbox 342 1755 386 1787; x_wconf 92' lang='lat' dir='ltr'><strong>ut</strong></span> <span class='ocrx_word' id='word_1_198' title='bbox 404 1746 515 1787; x_wconf 90' lang='lat' dir='ltr'><strong>initia</strong></span> <span class='ocrx_word' id='word_1_199' title='bbox 533 1746 627 1787; x_wconf 89' lang='lat' dir='ltr'><strong>belli</strong></span> <span class='ocrx_word' id='word_1_200' title='bbox 646 1746 919 1798; x_wconf 90' lang='lat' dir='ltr'><strong>provenissent</strong></span> <span class='ocrx_word' id='word_1_201' title='bbox 938 1748 1084 1787; x_wconf 87' lang='lat' dir='ltr'><strong>famam</strong></span> <span class='ocrx_word' id='word_1_202' title='bbox 1104 1746 1145 1786; x_wconf 91' lang='lat' dir='ltr'><strong>in</strong></span> <span class='ocrx_word' id='word_1_203' title='bbox 1164 1753 1294 1787; x_wconf 84' lang='lat' dir='ltr'><strong>cetera</strong></span> <span class='ocrx_word' id='word_1_204' title='bbox 1311 1747 1406 1788; x_wconf 89' lang='lat' dir='ltr'><strong>fore.</strong></span> 
     </span>
    </p>

    <p class='ocr_par' dir='ltr' id='par_1_7' title="bbox 195 1809 1649 1994">
     <span class='ocr_line' id='line_1_26' title="bbox 195 1809 1649 1864; baseline -0.003 -12"><span class='ocrx_word' id='word_1_205' title='bbox 195 1824 240 1852; x_wconf 78' lang='lat'><strong>21</strong></span> <span class='ocrx_word' id='word_1_206' title='bbox 417 1813 497 1852; x_wconf 92' lang='lat' dir='ltr'><strong>Sed</strong></span> <span class='ocrx_word' id='word_1_207' title='bbox 534 1811 683 1863; x_wconf 89' lang='lat' dir='ltr'><strong>primus</strong></span> <span class='ocrx_word' id='word_1_208' title='bbox 721 1811 805 1852; x_wconf 93' lang='lat' dir='ltr'><strong>dies</strong></span> <span class='ocrx_word' id='word_1_209' title='bbox 843 1811 994 1864; x_wconf 90' lang='lat' dir='ltr'><strong>impetu</strong></span> <span class='ocrx_word' id='word_1_210' title='bbox 1025 1811 1148 1863; x_wconf 85' lang='lat' dir='ltr'><strong>magis</strong></span> <span class='ocrx_word' id='word_1_211' title='bbox 1179 1825 1299 1863; x_wconf 91' lang='lat' dir='ltr'><strong>quam</strong></span> <span class='ocrx_word' id='word_1_212' title='bbox 1336 1809 1509 1851; x_wconf 90' lang='lat' dir='ltr'><strong>veterani</strong></span> <span class='ocrx_word' id='word_1_213' title='bbox 1545 1821 1649 1850; x_wconf 88' lang='lat' dir='ltr'><strong>exer-</strong></span> 
     </span>
     <span class='ocr_line' id='line_1_27' title="bbox 254 1873 1646 1929; baseline -0.003 -11"><span class='ocrx_word' id='word_1_214' title='bbox 254 1879 355 1919; x_wconf 90' lang='lat' dir='ltr'><strong>citus</strong></span> <span class='ocrx_word' id='word_1_215' title='bbox 393 1877 541 1917; x_wconf 91' lang='lat' dir='ltr'><strong>artibus</strong></span> <span class='ocrx_word' id='word_1_216' title='bbox 583 1884 824 1917; x_wconf 88' lang='lat' dir='ltr'><strong>transactus:</strong></span> <span class='ocrx_word' id='word_1_217' title='bbox 872 1877 996 1929; x_wconf 88' lang='lat' dir='ltr'><strong>aperti</strong></span> <span class='ocrx_word' id='word_1_218' title='bbox 1039 1876 1267 1928; x_wconf 88' lang='lat' dir='ltr'><strong>incautique</strong></span> <span class='ocrx_word' id='word_1_219' title='bbox 1304 1888 1438 1917; x_wconf 88' lang='lat' dir='ltr'><strong>muros</strong></span> <span class='ocrx_word' id='word_1_220' title='bbox 1476 1873 1646 1922; x_wconf 82' lang='lat' dir='ltr'><strong>subiere,</strong></span> 
     </span>
     <span class='ocr_line' id='line_1_28' title="bbox 254 1939 1648 1994; baseline -0.003 -11"><span class='ocrx_word' id='word_1_221' title='bbox 254 1944 346 1983; x_wconf 93' lang='lat' dir='ltr'><strong>cibo</strong></span> <span class='ocrx_word' id='word_1_222' title='bbox 365 1942 537 1993; x_wconf 89' lang='lat' dir='ltr'><strong>vinoque</strong></span> <span class='ocrx_word' id='word_1_223' title='bbox 557 1955 796 1994; x_wconf 89' lang='lat' dir='ltr'><strong>praegraves.</strong></span> <span class='ocrx_word' id='word_1_224' title='bbox 855 1942 896 1981; x_wconf 92' lang='lat' dir='ltr'><strong>in</strong></span> <span class='ocrx_word' id='word_1_225' title='bbox 922 1955 971 1982; x_wconf 91' lang='lat' dir='ltr'><strong>eo</strong></span> <span class='ocrx_word' id='word_1_226' title='bbox 997 1941 1210 1982; x_wconf 89' lang='lat' dir='ltr'><strong>certamine</strong></span> <span class='ocrx_word' id='word_1_227' title='bbox 1234 1939 1542 1993; x_wconf 89' lang='lat' dir='ltr'><strong>pulcherrimum</strong></span> <span class='ocrx_word' id='word_1_228' title='bbox 1567 1951 1648 1980; x_wconf 82' lang='lat' dir='ltr'><strong>am-</strong></span> 
     </span>
    </p>
   </div>
   <div class='ocr_carea' id='block_1_3' title="bbox 253 2042 1646 2478">
    <p class='ocr_par' dir='ltr' id='par_1_8' title="bbox 254 2042 1646 2172">
     <span class='ocr_line' id='line_1_29' title="bbox 255 2042 1646 2095; baseline -0.003 -17"><span class='ocrx_word' id='word_1_229' title='bbox 255 2058 274 2086; x_wconf 94' lang='lat'><strong>7</strong></span> <span class='ocrx_word' id='word_1_230' title='bbox 298 2045 511 2087; x_wconf 89' lang='lat' dir='ltr'><strong>providentia</strong></span> <span class='ocrx_word' id='word_1_231' title='bbox 526 2044 554 2077; x_wconf 88' lang='lat' dir='ltr'><strong>I.</strong></span> <span class='ocrx_word' id='word_1_232' title='bbox 580 2044 617 2077; x_wconf 86' lang='lat' dir='ltr'><strong>F.</strong></span> <span class='ocrx_word' id='word_1_233' title='bbox 646 2045 851 2077; x_wconf 82' lang='lat' dir='ltr'><strong>Gronomus:</strong></span> <span class='ocrx_word' id='word_1_234' title='bbox 876 2045 1123 2095; x_wconf 75' lang='lat' dir='ltr'><strong>providentiam</strong></span> <span class='ocrx_word' id='word_1_235' title='bbox 1150 2043 1210 2075; x_wconf 89' lang='grc' dir='ltr'><strong>Μ.</strong></span> <span class='ocrx_word' id='word_1_236' title='bbox 1235 2043 1373 2076; x_wconf 86' lang='lat' dir='ltr'><strong>laudare</strong></span> <span class='ocrx_word' id='word_1_237' title='bbox 1396 2042 1646 2084; x_wconf 80' lang='lat' dir='ltr'><strong>providentiam</strong></span> 
     </span>
     <span class='ocr_line' id='line_1_30' title="bbox 254 2086 1646 2130; baseline -0.001 -9"><span class='ocrx_word' id='word_1_238' title='bbox 254 2091 296 2123; x_wconf 89' lang='lat' dir='ltr'><strong>al.</strong></span> <span class='ocrx_word' id='word_1_239' title='bbox 407 2099 447 2121; x_wconf 89' lang='lat'><strong>10</strong></span> <span class='ocrx_word' id='word_1_240' title='bbox 469 2088 634 2121; x_wconf 86' lang='lat' dir='ltr'><strong>rationem</strong></span> <span class='ocrx_word' id='word_1_241' title='bbox 651 2088 851 2130; x_wconf 78' lang='lat' dir='ltr'><strong>Nipperdey:</strong></span> <span class='ocrx_word' id='word_1_242' title='bbox 877 2089 1007 2120; x_wconf 88' lang='lat' dir='ltr'><strong>ratione</strong></span> <span class='ocrx_word' id='word_1_243' title='bbox 1023 2089 1066 2120; x_wconf 95' lang='lat' dir='ltr'><em>M</em></span> <span class='ocrx_word' id='word_1_244' title='bbox 1150 2088 1335 2121; x_wconf 88' lang='lat' dir='ltr'><strong>ostendens</strong></span> <span class='ocrx_word' id='word_1_245' title='bbox 1350 2086 1431 2125; x_wconf 81' lang='lat' dir='ltr'><strong>M¹;</strong></span> <span class='ocrx_word' id='word_1_246' title='bbox 1454 2086 1646 2119; x_wconf 83' lang='lat' dir='ltr'><strong>extendens</strong></span> 
     </span>
     <span class='ocr_line' id='line_1_31' title="bbox 254 2131 1124 2172; baseline 0 -8"><span class='ocrx_word' id='word_1_247' title='bbox 254 2133 295 2164; x_wconf 90' lang='lat' dir='ltr'><em>M</em></span> <span class='ocrx_word' id='word_1_248' title='bbox 398 2142 437 2163; x_wconf 82' lang='lat'><strong>12</strong></span> <span class='ocrx_word' id='word_1_249' title='bbox 459 2131 713 2172; x_wconf 87' lang='lat' dir='ltr'><strong>propugnacula</strong></span> <span class='ocrx_word' id='word_1_250' title='bbox 725 2131 802 2162; x_wconf 90' lang='lat' dir='ltr'><em>M</em></span> <span class='ocrx_word' id='word_1_251' title='bbox 770 2131 802 2151; x_wconf 86' lang='lat'>¹</span> <span class='ocrx_word' id='word_1_252' title='bbox 795 2157 802 2164; x_wconf 91' lang='lat'><strong>.</strong></span> <span class='ocrx_word' id='word_1_253' title='bbox 827 2132 1068 2172; x_wconf 83' lang='lat' dir='ltr'><strong>propugnaculi</strong></span> <span class='ocrx_word' id='word_1_254' title='bbox 1085 2131 1124 2163; x_wconf 93' lang='lat' dir='ltr'><em>M</em></span> 
     </span>
    </p>

    <p class='ocr_par' dir='ltr' id='par_1_9' title="bbox 253 2173 1644 2426">
     <span class='ocr_line' id='line_1_32' title="bbox 298 2173 1644 2216; baseline -0.002 -8"><span class='ocrx_word' id='word_1_255' title='bbox 298 2183 359 2209; x_wconf 87' lang='lat'><strong>20.</strong></span> <span class='ocrx_word' id='word_1_256' title='bbox 383 2186 403 2216; x_wconf 90' lang='lat'><strong>3</strong></span> <span class='ocrx_word' id='word_1_257' title='bbox 425 2174 623 2207; x_wconf 85' lang='lat' dir='ltr'><strong>versicolori</strong></span> <span class='ocrx_word' id='word_1_258' title='bbox 639 2176 687 2207; x_wconf 90' lang='lat' dir='ltr'><em>M</em></span> <span class='ocrx_word' id='word_1_259' title='bbox 689 2175 722 2207; x_wconf 83' lang='lat'><strong>1:</strong></span> <span class='ocrx_word' id='word_1_260' title='bbox 747 2175 963 2207; x_wconf 88' lang='lat' dir='ltr'><strong>versicoloris</strong></span> <span class='ocrx_word' id='word_1_261' title='bbox 981 2175 1023 2207; x_wconf 90' lang='lat' dir='ltr'><em>M</em></span> <span class='ocrx_word' id='word_1_262' title='bbox 1164 2185 1185 2215; x_wconf 93' lang='lat'>4</span> <span class='ocrx_word' id='word_1_263' title='bbox 1207 2174 1383 2207; x_wconf 85' lang='lat' dir='ltr'><strong>barbarum</strong></span> <span class='ocrx_word' id='word_1_264' title='bbox 1398 2178 1558 2214; x_wconf 85' lang='lat' dir='ltr'><strong>tecgmen</strong></span> <span class='ocrx_word' id='word_1_265' title='bbox 1575 2173 1644 2207; x_wconf 83' lang='lat' dir='ltr'><strong>secl.</strong></span> 
     </span>
     <span class='ocr_line' id='line_1_33' title="bbox 254 2215 1642 2260; baseline -0.002 -8"><span class='ocrx_word' id='word_1_266' title='bbox 254 2220 382 2252; x_wconf 74' lang='lat' dir='ltr'><strong>Ritter:</strong></span> <span class='ocrx_word' id='word_1_267' title='bbox 413 2219 447 2251; x_wconf 94' lang='lat' dir='ltr'><strong>b.</strong></span> <span class='ocrx_word' id='word_1_268' title='bbox 471 2219 622 2259; x_wconf 89' lang='lat' dir='ltr'><strong>tegimen</strong></span> <span class='ocrx_word' id='word_1_269' title='bbox 651 2217 798 2250; x_wconf 82' lang='lat' dir='ltr'><strong>Walther</strong></span> <span class='ocrx_word' id='word_1_270' title='bbox 991 2229 1012 2260; x_wconf 90' lang='lat'>5</span> <span class='ocrx_word' id='word_1_271' title='bbox 1035 2229 1168 2260; x_wconf 89' lang='lat' dir='ltr'><strong>quoque</strong></span> <span class='ocrx_word' id='word_1_272' title='bbox 1191 2229 1226 2250; x_wconf 87' lang='lat' dir='ltr'><strong>m</strong></span> <span class='ocrx_word' id='word_1_273' title='bbox 1242 2218 1393 2259; x_wconf 70' lang='lat' dir='ltr'><strong>margine</strong></span> <span class='ocrx_word' id='word_1_274' title='bbox 1409 2217 1492 2249; x_wconf 73' lang='lat' dir='ltr'><strong>Ml·</strong></span> <span class='ocrx_word' id='word_1_275' title='bbox 1513 2215 1558 2249; x_wconf 76' lang='grc' dir='ltr'><strong>Ξῑί</strong></span> <span class='ocrx_word' id='word_1_276' title='bbox 1580 2217 1612 2249; x_wconf 79' lang='lat' dir='ltr'><strong>h.</strong></span> <span class='ocrx_word' id='word_1_277' title='bbox 1618 2228 1642 2252; x_wconf 84' lang='lat' dir='ltr'><strong>e.</strong></span> 
     </span>
     <span class='ocr_line' id='line_1_34' title="bbox 253 2259 1641 2303; baseline 0 -9"><span class='ocrx_word' id='word_1_278' title='bbox 253 2268 367 2295; x_wconf 85' lang='lat' dir='ltr'><strong>autem</strong></span> <span class='ocrx_word' id='word_1_279' title='bbox 392 2262 450 2294; x_wconf 91' lang='lat' dir='ltr'><strong>M:</strong></span> <span class='ocrx_word' id='word_1_280' title='bbox 489 2272 698 2302; x_wconf 90' lang='lat' dir='ltr'><strong>uxoremque</strong></span> <span class='ocrx_word' id='word_1_281' title='bbox 721 2261 845 2302; x_wconf 86' lang='lat' dir='ltr'><strong>Haase,</strong></span> <span class='ocrx_word' id='word_1_282' title='bbox 870 2261 979 2294; x_wconf 86' lang='lat' dir='ltr'><strong>Halm</strong></span> <span class='ocrx_word' id='word_1_283' title='bbox 1154 2263 1244 2303; x_wconf 93' lang='lat' dir='ltr'><strong>quod</strong></span> <span class='ocrx_word' id='word_1_284' title='bbox 1266 2271 1470 2303; x_wconf 84' lang='lat' dir='ltr'><strong>quamquam</strong></span> <span class='ocrx_word' id='word_1_285' title='bbox 1495 2259 1641 2302; x_wconf 81' lang='lat' dir='ltr'><strong>Classen,</strong></span> 
     </span>
     <span class='ocr_line' id='line_1_35' title="bbox 253 2303 1643 2346; baseline -0.004 -5"><span class='ocrx_word' id='word_1_286' title='bbox 253 2307 362 2341; x_wconf 88' lang='lat' dir='ltr'><strong>Halm</strong></span> <span class='ocrx_word' id='word_1_287' title='bbox 507 2306 530 2339; x_wconf 89' lang='lat'><strong>6</strong></span> <span class='ocrx_word' id='word_1_288' title='bbox 553 2305 677 2345; x_wconf 86' lang='lat' dir='ltr'><strong>insigni</strong></span> <span class='ocrx_word' id='word_1_289' title='bbox 707 2304 912 2337; x_wconf 81' lang='lat' dir='ltr'><strong>Puteolanus</strong></span> <span class='ocrx_word' id='word_1_290' title='bbox 1057 2307 1078 2337; x_wconf 89' lang='lat'><em>8</em></span> <span class='ocrx_word' id='word_1_291' title='bbox 1100 2316 1143 2346; x_wconf 92' lang='lat' dir='ltr'><strong>ag</strong></span> <span class='ocrx_word' id='word_1_292' title='bbox 1144 2306 1237 2338; x_wconf 87' lang='lat' dir='ltr'><strong>ribus</strong></span> <span class='ocrx_word' id='word_1_293' title='bbox 1267 2304 1309 2337; x_wconf 93' lang='lat' dir='ltr'><em>M</em></span> <span class='ocrx_word' id='word_1_294' title='bbox 1448 2315 1471 2346; x_wconf 90' lang='lat'><strong>9</strong></span> <span class='ocrx_word' id='word_1_295' title='bbox 1501 2303 1643 2344; x_wconf 89' lang='lat' dir='ltr'><strong>inequos</strong></span> 
     </span>
     <span class='ocr_line' id='line_1_36' title="bbox 254 2348 1642 2390; baseline -0.002 -9"><span class='ocrx_word' id='word_1_296' title='bbox 254 2351 295 2381; x_wconf 85' lang='lat' dir='ltr'><em>M</em></span> <span class='ocrx_word' id='word_1_297' title='bbox 382 2349 529 2381; x_wconf 84' lang='lat' dir='ltr'><strong>Caecina</strong></span> <span class='ocrx_word' id='word_1_298' title='bbox 547 2348 625 2380; x_wconf 75' lang='lat' dir='ltr'><strong>Ml:</strong></span> <span class='ocrx_word' id='word_1_299' title='bbox 651 2349 831 2380; x_wconf 89' lang='lat' dir='ltr'><strong>Caecinam</strong></span> <span class='ocrx_word' id='word_1_300' title='bbox 849 2348 890 2379; x_wconf 93' lang='lat' dir='ltr'><em>M</em></span> <span class='ocrx_word' id='word_1_301' title='bbox 1015 2359 1055 2381; x_wconf 90' lang='lat'><strong>10</strong></span> <span class='ocrx_word' id='word_1_302' title='bbox 1077 2350 1200 2390; x_wconf 88' lang='lat' dir='ltr'><strong>padum</strong></span> <span class='ocrx_word' id='word_1_303' title='bbox 1216 2348 1296 2381; x_wconf 81' lang='lat' dir='ltr'><strong>Ml:</strong></span> <span class='ocrx_word' id='word_1_304' title='bbox 1320 2348 1427 2390; x_wconf 87' lang='lat' dir='ltr'><strong>padus</strong></span> <span class='ocrx_word' id='word_1_305' title='bbox 1443 2348 1486 2380; x_wconf 88' lang='lat' dir='ltr'><em>M</em></span> <span class='ocrx_word' id='word_1_306' title='bbox 1603 2357 1642 2390; x_wconf 83' lang='lat'><strong>14</strong></span> 
     </span>
     <span class='ocr_line' id='line_1_37' title="bbox 254 2394 398 2426; baseline -0.007 -1"><span class='ocrx_word' id='word_1_307' title='bbox 254 2396 341 2426; x_wconf 87' lang='lat' dir='ltr'><strong>fama</strong></span> <span class='ocrx_word' id='word_1_308' title='bbox 358 2394 398 2424; x_wconf 91' lang='lat' dir='ltr'><em>M</em></span> 
     </span>
    </p>

    <p class='ocr_par' dir='ltr' id='par_1_10' title="bbox 300 2436 762 2478">
     <span class='ocr_line' id='line_1_38' title="bbox 300 2436 762 2478; baseline -0.004 -9"><span class='ocrx_word' id='word_1_309' title='bbox 300 2445 348 2469; x_wconf 85' lang='lat'><strong>21,</strong></span> <span class='ocrx_word' id='word_1_310' title='bbox 374 2449 393 2478; x_wconf 85' lang='lat'><strong>3</strong></span> <span class='ocrx_word' id='word_1_311' title='bbox 418 2438 510 2468; x_wconf 85' lang='lat' dir='ltr'><strong>civos</strong></span> <span class='ocrx_word' id='word_1_312' title='bbox 529 2437 574 2477; x_wconf 83' lang='lat' dir='ltr'><strong>M,</strong></span> <span class='ocrx_word' id='word_1_313' title='bbox 595 2446 612 2467; x_wconf 85' lang='lat' dir='ltr'><strong>s</strong></span> <span class='ocrx_word' id='word_1_314' title='bbox 627 2436 686 2468; x_wconf 79' lang='lat' dir='ltr'><strong>del.</strong></span> <span class='ocrx_word' id='word_1_315' title='bbox 705 2436 762 2467; x_wconf 86' lang='lat' dir='ltr'><strong>Ml</strong></span> 
     </span>
    </p>
   </div>
  </div>
 </body>
</html>
