1748 2826
445 126 854 167 HISTORIARVM
887 127 1060 165 LIBER
1091 127 1109 164 Ι
1462 125 1553 174 185

72 237 250 279 tissimus
285 237 456 290 quisque
493 235 720 288 vulgaribus
763 234 969 284 conviciis,
1007 234 1172 286 quidam
1211 248 1302 275 vera
1339 236 1484 287 probra

73 304 212 353 iacere,
242 303 284 344 in
309 304 484 343 clamore
512 310 648 342 tamen
668 309 708 341 et
733 301 803 341 ubi
833 301 1027 353 plurimae
1056 314 1185 350 voceS,
1217 309 1285 341 aut
1309 303 1482 341 tumultu
1506 320 1547 342 20

73 370 283 411 verborum
303 367 379 408 sibi
399 368 473 420 ipsi
494 368 781 420 obstrepentes.
1101 402 1105 406 .

235 434 422 486 Prodigia
468 433 629 486 insuper
676 433 876 474 terrebant
923 433 1087 472 diversis
1134 433 1364 473 auctoribus
1404 435 1485 472 vul-
1505 439 1559 478 86

72 507 186 554 gata:
214 500 256 540 in
275 500 474 541 vestibulo
495 499 685 551 Capitolii
711 499 879 540 omissas
903 499 1082 539 habenas
1106 498 1232 550 bigae,
1259 499 1323 538 cui
1351 498 1485 539 Victo-

71 567 129 607 ria
157 566 364 616 institerat,
403 565 580 618 erupisse
613 567 714 605 cella
752 564 920 609 Iunonis
961 564 1151 604 maiorem
1186 566 1363 604 humana
1401 577 1486 616 spe-

72 633 187 681 ciem,
220 639 392 672 statuam
423 631 505 672 divi
545 631 637 671 Iulii
668 631 709 670 in
741 630 871 670 insula
900 629 1081 669 Tiberini
1112 629 1241 669 amnis
1274 643 1415 670 sereno
1446 636 1485 668 et

71 698 242 738 immoto
270 697 337 738 die
361 698 413 738 ab
439 696 650 737 occidente
679 695 721 735 in
745 695 940 735 orientem
962 708 1208 744 conversam,
1231 697 1484 747 prolocutum
1506 711 1523 743 5

72 762 114 803 in
147 762 304 803 Etruria
337 763 495 810 bovem,
528 761 710 801 insolitos
740 759 973 800 animalium
1008 767 1155 812 partus,
1189 767 1229 800 et
1267 762 1380 812 plura
1410 761 1486 800 alia

72 827 239 869 rudibus
265 827 433 868 saeculis
456 828 576 868 etiam
608 827 650 866 in
676 839 776 878 pace
807 826 1030 875 observata,
1059 839 1162 877 quae
1191 839 1300 866 nunc
1329 833 1484 866 tantum

73 894 115 934 in
149 901 259 934 metu
287 893 514 934 audiuntur.
573 893 645 932 sed
678 893 916 944 praecipuus
946 899 985 931 et
1014 905 1107 931 cum
1138 891 1337 943 praesenti
1366 891 1487 931 exitio

73 959 194 1000 etiam
223 958 343 999 futuri
374 971 498 1010 pavor
527 957 660 998 subita
692 957 959 997 inundatione
989 956 1158 1006 Tiberis,
1190 957 1259 1009 qui
1288 957 1487 997 immenso

73 1031 194 1064 auctu
224 1031 387 1076 proruto
415 1030 541 1075 ponte
572 1022 742 1062 sublicio
771 1036 818 1062 ac
853 1030 981 1074 strage
1010 1022 1207 1062 obstantis
1243 1023 1360 1063 molis
1388 1025 1487 1063 refu·
1510 1040 1550 1064 πο

73 1103 153 1139 sus,
182 1102 266 1129 non
295 1090 418 1129 modo
447 1088 618 1129 iacentia
646 1096 686 1128 et
715 1089 834 1139 plana
862 1087 971 1127 urbis
1001 1089 1100 1136 loca,
1132 1089 1205 1128 sed
1234 1101 1372 1128 secura
1401 1089 1486 1129 eius

74 1154 186 1194 modi
223 1167 389 1194 casuum
423 1153 625 1206 implevit:
666 1153 767 1205 rapti
801 1166 824 1192 e
857 1153 1021 1204 publico
1057 1153 1248 1206 plerique,
1278 1156 1411 1206 plures
1445 1155 1486 1194 in
1522 1180 1529 1185 -

73 1218 248 1259 tabernis
273 1226 314 1259 et
333 1218 534 1259 cubilibus
559 1218 779 1270 intercepti.
838 1218 964 1258 fames
990 1218 1032 1258 in
1051 1221 1192 1270 vulgus
1212 1219 1349 1271 inopia
1369 1234 1486 1272 quae-

73 1291 158 1324 stus
195 1290 236 1324 et
272 1283 439 1336 penuria
480 1283 773 1324 alimentorum.
833 1291 1019 1336 corrupta
1056 1285 1333 1336 stagnantibus
1372 1286 1486 1338 aquis

73 1349 290 1390 insularum
311 1350 583 1398 fundamenta,
606 1349 701 1389 dein
727 1356 932 1390 remeante
952 1349 1118 1390 flumine
1138 1350 1302 1403 dilapsa.
1362 1358 1486 1403 utque
1513 1367 1550 1400 15

72 1415 245 1467 primum
266 1428 416 1455 vacuus
441 1428 465 1454 a
485 1414 662 1466 periculo
686 1414 844 1454 animus
865 1414 949 1464 fuit,
972 1415 1013 1455 id
1037 1414 1169 1467 ipsum
1194 1418 1305 1467 quod
1332 1417 1486 1468 paranti

72 1479 370 1533 expeditionem
409 1480 564 1522 Othoni
598 1493 764 1531 campus
805 1480 974 1520 Martius
1012 1488 1052 1520 et
1083 1481 1146 1521 via
1185 1482 1381 1522 Flaminia
1414 1482 1487 1523 iter

72 1544 168 1586 belli
201 1552 306 1586 esset
343 1545 605 1594 obstructum,
639 1559 663 1584 a
696 1545 866 1585 fortuitis
898 1547 960 1585 vel
994 1546 1241 1586 naturalibus
1276 1547 1406 1587 causis
1444 1548 1485 1588 in

72 1610 297 1663 prodigium
318 1618 359 1651 et
377 1624 499 1651 omen
519 1610 816 1650 imminentium
837 1611 1012 1651 cladium
1033 1612 1269 1652 vertebatur.

236 1676 348 1717 Otho
376 1677 540 1716 lustrata
568 1676 668 1716 urbe
697 1683 736 1716 et
765 1676 948 1728 expensis
973 1676 1079 1716 bello
1109 1678 1294 1726 consiliis,
1322 1681 1486 1730 quando
1508 1684 1558 1734 87

73 1740 278 1782 Poeninae
308 1740 549 1793 Cottiaeque
580 1743 703 1793 Alpes
735 1749 774 1781 et
803 1741 924 1782 ceteri
955 1741 1173 1781 Galliarum
1203 1743 1334 1783 aditus
1364 1745 1485 1786 Vitel-

72 1805 187 1846 lianis
225 1806 463 1847 exercitibus
506 1807 806 1855 claudebantur,
855 1807 1161 1847 Narbonensem
1206 1809 1378 1849 Galliam
1420 1812 1487 1850 ad-

72 1872 183 1924 gredi
225 1872 361 1912 statuit
398 1874 524 1912 classe
562 1872 693 1912 valida
731 1879 770 1912 et
809 1873 987 1923 partibus
1030 1874 1122 1922 fida,
1164 1875 1274 1925 quod
1313 1875 1485 1926 reliquos

73 1950 279 1977 caesorum
303 1939 356 1978 ad
382 1945 548 1989 pontem
574 1937 773 1977 Mulvium
799 1946 838 1976 et
869 1938 1031 1977 saevitia
1061 1939 1215 1979 Galbae
1239 1939 1279 1978 in
1303 1942 1487 1981 custodia
1508 1958 1526 1990 5

118 2038 180 2073 86.
211 2050 226 2072 1
244 2039 392 2072 terrebat
410 2039 459 2081 M,
478 2050 558 2072 corr.
580 2039 621 2070 M
628 2039 639 2059 ¹
796 2050 817 2070 2
841 2039 939 2080 vigae
957 2040 997 2070 M
1152 2051 1172 2082 3
1197 2042 1312 2082 specie
1467 2047 1489 2076 6

73 2083 230 2116 insolitas
246 2083 294 2124 M,
307 2094 386 2116 corr.
404 2084 439 2115 in
449 2086 538 2116 textu
553 2087 585 2115 et
597 2084 633 2114 in
652 2083 806 2124 margine
820 2082 863 2114 M
869 2083 881 2103 ¹
953 2094 994 2115 10
1018 2090 1160 2125 proruto
1177 2085 1204 2118 I.
1224 2085 1261 2119 F.
1278 2085 1488 2120 Gronovius:

74 2131 240 2168 prompto
256 2126 298 2158 M
441 2136 477 2159 11
503 2127 694 2159 adiacentia
712 2127 823 2159 Ritter
970 2138 1008 2168 13
1034 2128 1085 2170 et]
1102 2139 1147 2160 ex
1166 2128 1209 2160 M
1295 2130 1330 2162 in
1349 2131 1487 2174 vulgus]

74 2175 159 2212 quae
180 2173 370 2212 sequuntur
385 2171 522 2212 ‘inopia
538 2171 725 2211 quaestus'
744 2181 850 2212 usque
873 2170 922 2203 ad
937 2172 1110 2212 ‘Cyprum
1125 2172 1133 2185 ’
1159 2173 1192 2205 ii.
1213 2184 1243 2206 2.
1263 2184 1282 2214 7
1308 2175 1429 2207 desunt
1454 2177 1488 2207 in

73 2213 225 2254 Mediam,
242 2214 316 2248 vide
330 2214 380 2247 ad
391 2220 459 2256 cap.
479 2216 534 2256 69.
555 2225 570 2246 1
657 2224 696 2255 15
721 2218 826 2255 utque
842 2214 875 2246 12²
892 2227 899 2246 :
924 2216 1020 2256 utqui
1036 2216 1078 2247 ab
1160 2219 1198 2248 16
1223 2218 1332 2260 quod]
1350 2219 1488 2259 quidem

73 2258 137 2291 ab:
159 2259 299 2300 quidem
316 2259 408 2300 quod
424 2258 459 2289 12²
564 2269 602 2298 17
626 2269 764 2299 campus
783 2258 926 2291 Martius
942 2265 977 2290 et
994 2259 1048 2291 via
1066 2259 1236 2293 Flaminia
1253 2263 1323 2295 secl.
1346 2263 1455 2294 Ritter

118 2301 176 2344 87.
207 2313 222 2334 1
247 2307 283 2335 et
298 2313 365 2335 om.
384 2302 404 2334 b
538 2301 617 2334 belli
635 2302 822 2334 Rhenanus
971 2314 992 2334 2
1016 2304 1184 2343 poeninae
1201 2305 1262 2338 det,
1281 2317 1289 2338 z
1314 2308 1487 2347 penninae

73 2345 116 2378 ab
193 2347 387 2388 cottiaeque
403 2346 613 2379 Rhenanus:
637 2346 834 2387 coctiaeque
853 2347 916 2378 ab:
940 2347 1188 2388 Cottianaeque
1211 2349 1320 2381 Ritter
1467 2361 1486 2391 5

73 2399 246 2422 caesorum
263 2390 318 2423 b²z
343 2401 523 2423 caesarum
539 2391 582 2422 ab
693 2390 855 2422 Mulvium
873 2390 1021 2423 Bekker:
1046 2392 1198 2424 milvium
1217 2404 1237 2425 a
1256 2405 1264 2425 t
1297 2395 1450 2426 miliuum
1469 2396 1487 2426 b

75 2434 230 2468 custodia
245 2434 280 2466 1³²
293 2446 302 2467 ε
327 2436 514 2468 custodiam
531 2435 572 2467 ab
