1748 2826
736 124 1055 165 PRAEFATIO

197 226 327 275 potius
360 239 482 278 quam
506 226 600 266 furis
624 227 745 279 partis
766 226 902 278 egisse,
932 234 971 267 et
997 241 1132 268 secum
1156 227 1350 277 codicem,
1374 242 1456 281 quo
1481 241 1588 268 nunc

198 289 354 339 utimur,
382 291 606 332 abstulisse.
664 294 808 331 Postea
835 305 914 343 qua
941 292 1093 332 ratione
1117 294 1170 345 ad
1193 293 1325 333 Sancti
1351 293 1477 333 Marci
1496 306 1587 333 con-

198 361 359 394 ventum
378 355 601 407 pervenerit
619 358 747 397 codex
767 359 960 396 incertum
977 370 988 406 3
1008 359 1079 397 sed
1098 359 1234 398 fraude
1254 371 1323 410 per
1349 360 1387 398 N
1391 359 1585 398 iccolaum

198 419 250 458 de
268 418 445 460 Niccolis
456 420 609 461 illatum
629 421 828 462 credibile.
885 422 936 462 In
957 421 1247 462 Bibliothecam
1268 422 1585 471 Laurentianam,

199 482 267 522 ubi
289 497 394 524 nunc
415 492 485 534 est,
506 486 629 526 serius
650 485 828 537 migravit
846 486 871 526 ¹.

251 547 394 589 Codex
412 548 498 600 ipse
521 550 796 591 Lombardicis
814 550 951 591 litteris
974 551 1212 603 perscriptus
1233 552 1273 592 in
1294 567 1341 592 ea
1359 561 1468 604 parte
1486 564 1589 604 quae

201 613 464 653 Historiarum
477 614 598 655 libros
611 615 788 655 continet
800 618 888 667 plus
901 616 1016 655 solito
1031 618 1220 657 evanidus
1233 625 1303 665 est,
1319 630 1448 668 neque
1460 618 1588 657 solum

199 677 344 718 crebris
364 679 736 730 transpositionibus
756 682 827 720 sed
846 682 963 721 etiarn
983 681 1089 732 gravi
1108 682 1265 722 duobus
1285 681 1326 720 in
1339 681 1434 721 locis
1450 680 1492 733 (i.
1511 684 1590 732 69-

202 754 220 792 7
228 754 261 793 5,
294 740 318 782 i.
352 743 497 783 86-ii.
539 744 580 796 2)
617 746 758 784 lacuna
787 745 950 785 laborat.
1009 747 1101 785 Mos
1132 754 1190 785 est
1219 747 1380 786 lacunas
1408 747 1590 798 supplere

199 807 346 847 auxilio
373 809 544 848 duorum
570 809 755 849 codicum
777 811 1130 850 Laurentianorum
1152 810 1221 862 (68
1235 824 1270 859 a,
1293 814 1343 850 68
1356 811 1400 862 b)
1421 824 1590 862 quorum

200 886 225 910 a
255 873 383 911 solum
413 873 534 913 libros
563 875 586 923 i,
618 873 645 913 ii
672 876 860 924 continet,
882 877 904 914 b
928 888 1010 914 non
1038 883 1130 914 ante
1154 876 1274 915 finem
1297 875 1418 928 ipsius
1441 875 1590 916 codicis

200 935 344 976 desinit
361 951 372 986 3
402 938 532 989 potior
562 945 622 979 est
645 939 858 979 auctoritas
889 939 1039 979 codicis
1070 941 1132 979 b².
1193 940 1258 979 Ab
1287 940 1373 992 ipso
1403 939 1590 981 Mediceo

200 1002 322 1041 ambo
350 1003 568 1054 descriptos
596 1003 729 1043 statim
748 1003 880 1043 -cuivis
909 1004 1113 1055 apparebit
1128 1005 1153 1043 ³.
1211 1006 1311 1044 Sunt
1338 1004 1402 1044 alii
1431 1018 1592 1056 quoque

201 1065 375 1105 sedecim
409 1067 623 1108 deteriores
654 1068 825 1117 codices,
850 1068 1006 1120 longius
1033 1070 1154 1108 ferme
1183 1083 1322 1109 omnes
1349 1083 1373 1109 a
1402 1069 1592 1110 Mediceo

200 1130 377 1181 profecti,
399 1143 455 1170 xv
476 1132 621 1172 saeculi
642 1145 792 1182 omnes,
825 1140 863 1173 et
892 1133 1128 1172 coniecturis
1156 1147 1257 1184 quos
1285 1141 1428 1173 vocant
1455 1134 1591 1173 huma-

201 1195 392 1235 nistarum
430 1204 638 1237 scatentes.
706 1198 783 1237 His
821 1198 905 1237 freti
955 1205 1046 1237 sunt
1083 1198 1260 1250 plerique
1289 1212 1335 1238 ex
1373 1198 1590 1239 editoribus

201 1260 384 1311 antiquis,
406 1260 703 1313 lectionumque
722 1263 887 1302 varietas
908 1262 999 1302 satis
1018 1270 1109 1314 apte
1132 1264 1174 1302 in
1201 1262 1390 1303 Waltheri
1415 1264 1591 1303 editione

201 1325 484 1365 aestimabitur.
543 1327 607 1366 De
637 1327 777 1367 codice
810 1327 1017 1379 Agricolae
1050 1329 1126 1367 hoc
1157 1328 1403 1368 monendum
1433 1340 1588 1367 censeo.

204 1389 291 1428 Etsi
311 1390 540 1442 saepissime
568 1391 619 1431 ab
649 1391 866 1431 editoribus
893 1391 1113 1440 adhibetur,
1140 1390 1328 1432 lectiones
1356 1405 1404 1431 ex
1431 1390 1592 1443 ingenio

202 1453 324 1505 ipsius
337 1455 544 1506 Agricolae
564 1457 645 1496 sere
657 1469 796 1496 omnes
815 1458 1004 1507 pendent.
1061 1456 1244 1508 Agricola
1263 1455 1380 1504 enim,
1398 1455 1453 1495 sic
1473 1456 1588 1505 fama,

202 1518 383 1559 codicem
404 1522 539 1560 nescio
559 1534 678 1572 quem
700 1534 834 1561 secum
855 1521 994 1561 habuit
1020 1528 1058 1561 et
1086 1521 1262 1572 plurimis
1284 1519 1591 1561 correctionibus

202 1582 431 1623 inlustravit.
490 1587 633 1625 Postea
661 1584 730 1636 qui
759 1598 807 1625 eo
836 1585 935 1625 libro
956 1585 1014 1624 usi
1036 1592 1126 1624 sunt
1145 1584 1338 1636 promisce
1358 1598 1405 1624 ex
1423 1591 1592 1635 utroque

203 1648 312 1687 fonte
331 1657 619 1701 prompserunt,
641 1649 837 1701 promisce
857 1649 1074 1689 citaverunt
1093 1651 1116 1689 ⁴.

248 1735 258 1755 ¹
286 1735 476 1777 Rostag-no,
494 1736 528 1768 in
547 1736 757 1776 praefatione
773 1737 816 1768 ad
835 1737 982 1768 codicem
999 1738 1053 1768 68.
1065 1747 1085 1767 2
1102 1736 1321 1776 phototypice
1339 1736 1464 1767 editum
1475 1745 1531 1776 pp.
1546 1734 1593 1767 ii-

203 1779 261 1818 vii‚
289 1780 482 1820 Sabbadim'‚
510 1781 538 1812 le
556 1784 690 1822 scoperte
714 1780 767 1812 dei
783 1780 881 1812 codici
894 1779 1011 1811 Latini
1030 1790 1046 1811 e
1071 1780 1162 1811 Greci
1175 1781 1222 1810 ne’
1240 1779 1334 1811 secoli
1344 1779 1402 1811 xiv
1422 1789 1439 1810 e
1458 1789 1513 1820 xv,
1533 1789 1590 1820 pp.

203 1833 422 1907 29'23181eisffl3
437 1867 646 1906 Jahrbz‘icher
655 1867 725 1907 fiir
737 1866 857 1900 Philol.
875 1868 967 1907 1882,
984 1877 1040 1907 pp.
1060 1877 1131 1908 139,
1153 1876 1222 1906 140.
1271 1865 1322 1897 Cf.
1340 1865 1374 1896 ii.
1393 1876 1413 1905 3
1430 1871 1463 1897 et
1481 1865 1593 1896 cinare

204 1911 388 1942 certamina
405 1921 435 1950 a,
456 1916 489 1942 et
506 1911 626 1942 cilicen
644 1910 788 1942 tamiran
805 1911 834 1943 b.

243 1952 257 1972 ⁸
282 1954 321 1984 In
344 1954 429 1985 loeis
445 1955 599 1985 evanidis
615 1954 787 1986 secundae
803 1964 921 1985 manus
938 1953 1101 1986 lectiones
1122 1952 1200 1994 (M2)
1217 1958 1298 1984 ante
1315 1950 1429 1983 oculos
1445 1950 1545 1982 habet
1559 1951 1589 1991 b,

205 2002 240 2029 et
263 1997 461 2037 plerumque
486 1998 649 2037 sequitur,
666 2008 696 2030 e.
708 2006 740 2038 g.
757 2007 859 2029 saeva
876 2002 1056 2038 momenta,
1080 2006 1155 2028 mos
1173 2001 1225 2028 est
1241 2005 1304 2036 pro
1322 1995 1438 2026 Mosae
1455 1994 1502 2036 (v.
1519 1994 1590 2036 23).

207 2041 276 2073 Sed
301 2051 553 2081 nonnumquam
574 2041 727 2072 secunda
745 2051 847 2072 manu
864 2040 991 2081 melior,
1006 2045 1096 2072 recte
1113 2040 1203 2071 enim
1220 2037 1357 2078 scripsit
1372 2037 1496 2069 levium
1508 2039 1589 2079 (om.

206 2085 279 2125 Μ’)
303 2085 345 2115 ad
364 2085 508 2115 eundem
526 2084 645 2115 locum.
698 2084 872 2116 Interdum
896 2083 1006 2125 ipsum
1024 2083 1215 2115 Medieeum
1241 2082 1310 2124 (M)
1334 2081 1490 2121 correxit,
1515 2091 1546 2112 e.
1558 2091 1590 2121 g.

206 2129 382 2168 saginatus
399 2127 458 2167 (iv.
478 2129 535 2167 42)
554 2133 588 2158 et
606 2128 720 2167 plures
738 2129 783 2169 (v.
801 2128 869 2168 25).

249 2172 261 2192 4
285 2171 372 2202 Vide
402 2171 566 2211 Ryckius,
596 2171 638 2201 ad
669 2171 715 2202 A.
747 2181 802 2203 xv.
838 2180 878 2210 51
894 2182 901 2207 3
937 2171 978 2202 cf.
1003 2170 1149 2211 Modius‚
1179 2167 1407 2210 Novaniiquae
1437 2167 1589 2207 lectiones,

206 2219 214 2233 ‘
228 2213 402 2254 exemplar
431 2214 587 2245 collatum
623 2213 737 2254 Lipsio
769 2219 886 2245 nostro
918 2224 994 2245 cum
1026 2215 1115 2245 notis
1146 2213 1271 2254 passim
1303 2213 1337 2243 in
1368 2211 1512 2242 eundem
1535 2211 1591 2251 (sc.

206 2257 376 2298 Tacitum)
402 2257 573 2296 Rodolphi
594 2257 774 2297 Agricolae
797 2258 960 2289 missurus
981 2267 1055 2288 sum
1069 2257 1078 2275 ’
1097 2267 1129 2298 p.
1147 2258 1199 2297 64,
1222 2255 1308 2286 ‘nisi
1330 2255 1416 2295 quod
1435 2253 1593 2294 Agricola

207 2301 369 2333 incertum
387 2309 431 2331 ex
447 2300 541 2331 libris
555 2310 598 2331 an
616 2301 753 2340 ingenio
770 2301 972 2332 emendabat
997 2306 1076 2332 ante
1100 2310 1207 2331 annos
1224 2299 1300 2340 plus
1317 2297 1427 2329 minus
1438 2302 1589 2345 centum,

206 2355 237 2385 p.
253 2355 315 2384 441
332 2355 339 2384 3
363 2343 476 2383 Allen,
495 2342 634 2384 English
651 2343 832 2376 Historical
843 2344 981 2384 Review,
1000 2343 1098 2383 April
1117 2344 1210 2383 1906,
1230 2353 1261 2382 p.
1281 2351 1354 2381 307.
1401 2340 1452 2372 De
1469 2340 1593 2372 ceteris

206 2389 376 2420 codicibus
408 2387 631 2419 deterioribus
659 2388 736 2419 vide
769 2388 902 2419 Ernesti
935 2387 1039 2427 praef.
1069 2397 1122 2427 pp.
1153 2386 1264 2427 v—xix‚
1294 2384 1459 2424 Walther,
1487 2382 1590 2424 praef.

879 2438 917 2478 iv
