1748 2826
486 138 892 178 HISTORIARVM
924 137 1096 176 LIBER
1127 138 1145 175 1
1497 136 1516 175 I
1538 136 1595 186 64

114 261 250 290 versus
281 248 448 288 Aeduos
487 245 667 298 quaesita
703 244 798 285 belli
837 258 979 284 causa:
1023 244 1116 284 iussi
1151 244 1363 296 pecuniam
1401 251 1522 295 atque

114 327 224 356 arma
254 314 407 354 deferre
435 311 625 363 gratuitos
654 309 815 361 insuper
847 316 1095 349 commeatus
1125 309 1351 360 praebuere.
1411 309 1523 359 quod

114 377 244 420 Aedui
277 376 489 418 formidine
523 376 812 427 Lugdunenses
840 375 988 426 gaudio
1017 375 1155 413 secere.
1214 375 1284 413 sed
1313 373 1417 424 legio
1446 374 1524 412 Ita-
1546 386 1584 419 15

113 442 191 484 lica
221 450 263 484 et
293 444 357 483 ala
386 440 586 481 Tauriana
615 440 837 480 abductae:
881 440 1089 478 cohortem
1127 438 1523 478 duodevicensimam

115 507 314 560 Lugduni,
344 505 469 546 solitis
503 504 578 545 sibi
607 503 799 553 hibernis,
827 502 994 554 relinqui
1027 502 1185 554 placuit.
1207 508 1225 540 l
1246 502 1422 542 Manlius
1447 504 1524 541 Va-

113 574 199 614 lens
231 573 384 624 legatus
419 570 583 610 Italicae
619 568 801 621 legionis,
831 582 1076 619 quamquam
1116 568 1219 607 bene
1257 569 1308 608 de
1347 566 1525 619 partibus

94 636 288 686 meritus,
309 637 421 676 nullo
447 636 557 687 apud
586 634 792 674 Vitellium
822 634 975 672 honore
1004 633 1103 672 fuit:
1147 632 1307 672 secretis
1336 646 1428 672 eum
1456 631 1526 672 cri-

114 701 400 743 minationibus
433 700 690 740 infamaverat
725 698 872 738 Fabius
904 698 1083 749 ignarum
1123 705 1173 746 et,
1210 711 1292 749 quo
1330 697 1526 737 incautior
1546 714 1587 737 20

113 765 372 818 deciperetur,
402 766 534 817 palam
562 765 780 804 laudatum.

276 831 463 870 Veterem
502 828 604 868 inter
634 829 913 880 Lugdunensis
949 833 988 867 et
1027 829 1249 868 Viennensis
1282 828 1523 868 discordiam
1544 828 1599 876 65

114 894 339 947 proximum
391 894 540 934 bellum
587 894 836 933 accenderat.
915 894 1063 932 multae
1111 894 1151 932 in
1199 893 1327 932 vicem
1375 894 1522 940 clades,

114 959 290 1001 crebrius
315 959 577 1010 infestiusque
598 971 719 1010 quam
749 965 793 997 ut
822 965 977 997 tantum
1007 965 1168 1010 propter
1199 959 1404 998 Neronem
1433 959 1526 997 Gal-

115 1025 290 1078 bamque
322 1031 572 1077 pugnaretur.
630 1030 670 1062 et
700 1023 831 1063 Galba
868 1022 1017 1062 reditus
1052 1022 1381 1074 Lugdunensium
1415 1035 1527 1062 occa·

115 1090 228 1131 sione
260 1089 340 1131 irae
373 1089 414 1129 in
444 1090 585 1128 fiscum
619 1095 812 1137 verterat;
855 1089 1003 1127 multus
1041 1095 1180 1127 contra
1213 1087 1254 1127 in
1285 1086 1526 1127 Viennensis
1550 1098 1567 1131 5

115 1157 267 1197 honor:
295 1155 406 1195 unde
429 1153 645 1194 aemulatio
674 1161 714 1193 et
742 1152 892 1192 invidia
918 1160 958 1192 et
987 1166 1070 1192 uno
1099 1166 1218 1192 amne
1251 1151 1432 1192 discretis
1461 1165 1527 1191 co-

114 1233 261 1261 nexum
293 1219 446 1260 odium.
515 1217 631 1270 igitur
663 1219 952 1269 Lugdunenses
986 1216 1217 1257 extimulare
1247 1217 1424 1269 singulos
1458 1217 1528 1256 mi-

114 1284 228 1326 litum
255 1291 297 1326 et
325 1283 367 1324 in
397 1284 644 1324 eversionem
670 1282 962 1322 Viennensium
997 1281 1210 1334 impellere,
1239 1283 1444 1322 obsessam
1473 1283 1526 1323 ab

114 1350 191 1391 illis
225 1348 427 1390 coloniam
465 1362 590 1396 suam,
635 1346 795 1387 adiutos
833 1346 1016 1387 Vindicis
1063 1354 1242 1395 conatus,
1281 1347 1527 1399 conscriptas

114 1428 243 1468 nuper
268 1413 446 1466 legiones
474 1413 515 1452 in
544 1412 786 1464 praesidium
816 1412 970 1452 Galbae
993 1413 1211 1452 referendo.
1270 1420 1310 1452 et
1337 1412 1406 1452 ubi
1435 1427 1526 1453 cau·
1549 1425 1589 1447 ¹0

114 1493 180 1520 sas
207 1478 393 1520 odiorum
426 1478 743 1530 praetenderant,
779 1476 1095 1529 magnitudinem
1135 1479 1306 1529 praedae
1343 1480 1528 1519 ostende-

115 1545 223 1593 bant,
244 1557 321 1584 nec
353 1542 433 1582 iam
462 1550 613 1582 secreta
640 1542 873 1590 exhortatio,
905 1543 978 1582 sed
1006 1542 1190 1594 publicae
1220 1557 1382 1594 preces:
1427 1545 1528 1584 irent

115 1610 274 1657 ultores,
295 1607 552 1648 excinderent
580 1608 718 1647 sedem
747 1607 891 1647 Gallici
921 1607 1038 1647 belli:
1081 1615 1226 1647 cuncta
1256 1608 1335 1648 illic
1368 1616 1530 1649 externa

115 1681 155 1714 et
192 1672 376 1714 hostilia:
417 1685 470 1720 se,
506 1671 706 1711 coloniam
742 1673 970 1712 Romanam
1004 1679 1044 1712 et
1077 1679 1230 1723 partem
1264 1674 1457 1713 exercitus
1489 1681 1529 1714 et

115 1751 391 1790 prosperarum
423 1738 758 1788 adversarumque
791 1750 921 1776 rerum
955 1737 1096 1785 socios,
1130 1737 1162 1776 si
1196 1739 1353 1778 fortuna
1391 1746 1528 1779 contra
1551 1753 1587 1785 ¹5

115 1804 237 1852 daret,
269 1802 376 1842 iratis
405 1815 456 1842 ne
484 1801 765 1853 relinquerent.

279 1866 358 1907 His
396 1873 436 1907 et
473 1866 652 1918 pluribus
698 1866 738 1905 in
777 1867 951 1906 eundem
992 1868 1159 1906 modum
1193 1870 1446 1920 perpulerant
1485 1877 1527 1909 ut
1549 1870 1607 1909 66

116 1947 169 1974 ne
200 1931 319 1984 legati
348 1932 515 1984 quidem
543 1944 593 1971 ac
622 1933 747 1972 duces
785 1931 956 1982 partium
994 1932 1183 1984 restingui
1221 1947 1340 1985 posse
1378 1934 1529 1975 iracun-

88 2075 90 2077 ‚
122 2046 159 2074 14
183 2034 335 2067 deferret
353 2033 396 2065 M
405 2044 414 2065 ε
438 2033 612 2066 deferrent
627 2033 676 2066 ed.
695 2033 862 2074 Spirensis
953 2037 992 2066 16
1015 2035 1147 2068 taurina
1162 2035 1211 2076 M,
1231 2037 1268 2078 ql.
1281 2047 1308 2069 c.
1323 2047 1367 2078 59
1440 2049 1528 2070 xvm

118 2078 161 2110 M
173 2090 182 2110 z
206 2078 340 2110 tertiam
356 2078 521 2110 decimam
538 2077 732 2109 Mommsen
860 2088 897 2118 ¹7
922 2078 1064 2121 lugdilni
1081 2078 1124 2110 M
1211 2081 1320 2113 solitis
1338 2081 1382 2113 ibi
1397 2082 1531 2115 editores

116 2121 256 2163 antiqui,
271 2121 311 2162 ‘fi
330 2120 375 2153 A.
393 2132 449 2154 xv.
470 2123 513 2153 28
625 2131 667 2152 20
692 2122 832 2160 ignarus
849 2121 896 2161 M,
913 2132 930 2153 s
950 2122 1010 2154 dcl.
1028 2122 1070 2153 M
1078 2122 1090 2142 ¹

163 2164 226 2207 65.
254 2175 268 2197 1
295 2169 331 2197 et
350 2164 557 2196 Viennensis
585 2175 651 2197 om.
683 2163 726 2195 M
736 2176 744 2196 :
776 2169 811 2196 et
838 2165 1020 2198 vienenses
1047 2166 1211 2209 supplevit
1234 2168 1269 2200 in
1298 2170 1451 2211 maw'ne
1473 2169 1531 2202 b²t

116 2208 378 2249 Vienensesque
396 2208 603 2240 Puteolanus
739 2219 775 2239 11
802 2209 1036 2249 magnitudine
1052 2209 1095 2242 M
1236 2222 1275 2243 12
1298 2214 1472 2245 exortatio
1491 2213 1534 2245 M

117 2263 232 2286 venus
249 2253 356 2292 14-16
380 2253 427 2284 ita
452 2251 605 2285 distinxit
621 2250 820 2284 Andresen:
859 2263 897 2285 se
919 2253 1092 2286 coloniam
1119 2279 1125 2287 .
1147 2278 1156 2288 .
1178 2279 1187 2288 .
1208 2256 1345 2297 socios;
1384 2280 1394 2289 .
1414 2280 1423 2290 .
1445 2281 1454 2289 .
1478 2267 1528 2289 re-

118 2296 365 2338 linquerentur.
391 2295 490 2338 vulgo
598 2306 638 2335 14
662 2295 830 2328 coloniam
847 2295 895 2337 M,
914 2297 973 2329 sed
985 2309 1005 2330 o
1014 2301 1093 2339 post
1107 2298 1117 2329 l
1138 2309 1218 2331 corr.
1234 2299 1295 2340 exj
1316 2299 1377 2332 M1
1491 2310 1530 2341 15

117 2340 340 2418 εἳὲῐῗάἷὶἳῐ
362 2338 406 2371 M
522 2340 562 2371 16
589 2339 867 2380 relinquerentur
890 2339 939 2382 M,
959 2341 1019 2374 sed
1038 2346 1095 2374 tur
1118 2342 1177 2375 del.
1201 2346 1231 2375 et
1258 2343 1293 2375 in
1315 2343 1470 2386 margine
1492 2348 1530 2376 nt

188 2384 203 2416 i
221 2383 248 2415 it

164 2425 232 2462 66.
256 2437 278 2460 2
299 2437 345 2461 ne
365 2425 396 2461 Ι.
413 2426 452 2461 F.
473 2426 687 2460 Gronovius:
711 2437 775 2460 nec
793 2427 834 2459 M
921 2419 1082 2470 2'posset
1099 2428 1142 2463 M
