1748 2826
486 75 892 115 HISTORIARVM
924 78 1096 114 LIBER
1127 78 1145 114 Ι
1499 79 1518 116 1
1539 78 1595 116 80

114 181 278 224 ditionis
313 183 452 235 arguit,
492 190 697 235 tamquam
743 185 915 225 familiae
959 192 1186 224 senatorum
1217 187 1270 224 ad
1303 185 1518 236 perniciem
1544 203 1581 225 ιο

114 247 293 294 Othonis
327 256 587 298 armarentur,
623 262 712 300 pars
756 249 880 301 ignari
925 257 964 289 et
1002 250 1095 289 vino
1136 262 1283 301 graves,
1325 250 1520 301 pessimus

112 312 284 365 quisque
328 313 373 355 in
417 313 674 355 occasionem
719 315 968 365 praedarum,
1016 316 1167 366 vulgus,
1217 322 1262 354 ut
1312 328 1400 354 mos
1447 323 1521 364 est,

111 377 401 431 cuiuscumque
420 386 553 419 motus
573 379 667 419 novi
687 379 879 431 cupidum
895 394 906 429 ς
935 387 974 419 et
995 380 1190 431 obsequia
1209 379 1419 420 meliorum
1439 394 1520 420 nox

109 443 340 485 abstulerat.
395 443 645 485 resistentem
686 445 874 485 seditioni
918 445 1124 485 tribunum
1168 452 1208 485 et
1249 445 1519 486 severissimos

109 508 388 550 centurionum
408 510 673 559 obtruncant3
701 518 812 562 rapta
830 525 950 559 arma,
967 512 1106 551 nudati
1125 510 1270 562 gladi13
1300 510 1518 552 insidentes
1540 527 1578 561 15

107 574 222 627 equis
241 575 381 616 urbem
401 589 451 616 ac
468 576 664 615 Palatium
684 584 835 628 petunt.

272 642 368 680 Erat
409 641 564 681 Othoni
606 642 764 681 celebre
805 641 1031 681 convivium
1077 642 1315 693 primoribus
1357 642 1514 682 feminis
1534 643 1582 684 81

107 704 304 757 virisque3
350 706 419 758 qui
464 706 619 758 trepidi,
662 706 899 746 fortuitusne
941 707 1112 746 militum
1152 709 1258 747 furor
1298 721 1350 746 an
1398 709 1516 747 dolus

106 769 366 822 imperatoris,
415 784 577 811 manere
619 784 667 810 ac
715 771 965 822 deprehendi
1002 786 1054 811 an
1093 773 1227 823 fugere
1266 779 1306 812 et
1343 772 1516 825 dispergi

106 834 366 887 periculosius
403 838 516 884 foret,
551 838 676 876 modo
709 836 974 887 constantiam
1006 837 1204 886 simulare,
1233 839 1357 878 modo
1386 839 1518 878 sormi-

105 899 202 940 dine
229 901 374 953 detegi,
405 901 523 941 simul
552 900 727 942 Othonis
755 903 907 941 vultum
937 901 1080 941 intueri
1094 916 1105 951 3
1147 910 1271 954 utque
1300 903 1432 943 evenit
1460 903 1516 943 in·
1537 916 1556 949 5

105 965 262 1006 clinatis
280 967 334 1007 ad
353 966 623 1018 suspicionem
643 966 856 1015 mentibus,
872 981 963 1006 cum
980 966 1136 1007 timeret
1149 967 1270 1017 Otho,
1289 967 1515 1009 timebatur.

106 1032 179 1071 sed
217 1033 328 1072 haud
367 1045 484 1072 secus
527 1031 757 1072 discrimine
799 1040 960 1072 senatus
998 1046 1120 1084 quam
1165 1047 1238 1073 suo
1283 1033 1438 1073 territus
1475 1041 1516 1074 et

105 1097 326 1148 praefectos
345 1096 531 1149 praetorii
556 1098 608 1137 ad
634 1097 871 1148 mitigandas
898 1098 1069 1138 militum
1098 1100 1172 1138 iras
1198 1099 1331 1138 statim
1355 1099 1515 1138 miserat

104 1168 146 1202 et
175 1161 286 1202 abire
313 1175 482 1214 propere
509 1163 652 1201 omnis⁴
675 1176 697 1201 e
731 1162 914 1203 convivio
947 1163 1070 1203 iussit.
1130 1171 1214 1203 tum
1244 1178 1338 1204 vero
1367 1164 1513 1216 passim

74 1272 79 1277 ,
103 1225 353 1278 magistratus
381 1226 567 1278 proiectis
596 1226 830 1279 insignibus,
865 1227 986 1268 vitata
1019 1229 1212 1269 comitum
1242 1237 1282 1269 et
1310 1243 1512 1270 servorum
1535 1244 1577 1267 10

102 1291 335 1344 frequentia,
383 1305 500 1333 senes
547 1292 801 1345 feminaeque
857 1307 927 1346 per
973 1295 1157 1335 tenebras
1205 1285 1359 1335 diversa
1404 1297 1514 1337 urbis

102 1357 255 1407 itinera,
294 1356 368 1398 rari
406 1359 564 1407 domos,
602 1358 761 1409 plurimi
806 1359 1026 1400 amicorum
1066 1367 1170 1400 tecta
1209 1368 1247 1400 et
1286 1369 1330 1400 ut
1366 1361 1513 1413 cuique

101 1422 347 1463 humillimus
375 1422 515 1473 cliens,
541 1423 712 1464 incertas
740 1425 910 1465 latebras
939 1426 1124 1478 petivere.

265 1489 444 1530 Militum
472 1489 646 1540 impetus
679 1503 733 1530 ne
761 1490 913 1530 foribus
942 1491 1108 1543 quidem
1142 1492 1283 1531 Palatii
1317 1492 1510 1532 coercitus
1531 1493 1584 1531 82

101 1567 183 1606 quo
221 1554 357 1595 minus
391 1554 622 1595 convivium
659 1554 944 1607 inrumperent,
985 1557 1145 1597 ostendi
1190 1557 1266 1597 sibi
1305 1559 1510 1598 Othonem

100 1621 408 1672 expostulantes,
448 1621 656 1661 vulnerato
696 1621 802 1661 Iulio
841 1621 1025 1661 Martiale
1070 1622 1232 1661 tribuno
1269 1630 1310 1662 et
1347 1623 1510 1662 Vitellio

99 1684 314 1725 Saturnino
342 1686 542 1737 praefecto
569 1686 748 1738 legionis,
769 1687 867 1726 dum
894 1687 1100 1726 ruentibus
1127 1687 1337 1727 obsistunt.
1398 1688 1510 1728 undi-

99 1762 179 1801 que
206 1763 317 1790 arma
344 1757 383 1791 et
413 1750 556 1799 minae,
582 1753 708 1791 modo
736 1751 777 1790 in
807 1751 1060 1791 centuriones
1090 1752 1362 1804 tribunosque,
1386 1756 1508 1794 modo
1529 1767 1548 1801 5

98 1814 142 1855 in
177 1822 360 1856 senatum
398 1815 640 1865 universum,
680 1817 893 1868 lymphatis
932 1831 1053 1857 caeco
1091 1832 1237 1870 pavore
1274 1819 1429 1868 animis,
1470 1828 1511 1863 et

98 1879 192 1932 quia
228 1880 433 1921 neminem
472 1895 599 1921 unum
637 1882 836 1921 destinare
875 1882 954 1922 irae
992 1890 1187 1934 poterant,
1227 1883 1429 1924 licentiam
1468 1886 1506 1925 in

97 1945 230 1986 omnis
262 1945 534 1998 poscentibus,
567 1947 700 1986 donec
740 1948 851 1987 Otho
889 1955 1027 1987 contra
1066 1949 1190 1988 decus
1229 1948 1383 2001 imperii
1421 1957 1507 1990 toro

97 2009 283 2051 insistens
320 2010 505 2062 precibus
545 2018 585 2051 et
623 2011 794 2051 lacrimis
835 2026 951 2064 aegre
993 2013 1185 2062 cohibuit,
1226 2014 1507 2066 redieruntque

97 2076 138 2117 in
177 2082 305 2116 castra
340 2075 454 2116 inviti
492 2089 624 2128 neque
662 2076 910 2118 innocentes.
966 2086 1123 2129 postera
1157 2079 1222 2119 die
1251 2081 1359 2119 velut
1392 2089 1504 2132 capta
1531 2095 1570 2119 xo

95 2139 194 2181 urbe
226 2141 384 2181 clausae
417 2142 574 2189 domus,
608 2155 716 2181 rarus
750 2155 820 2194 per
852 2142 934 2182 vias
966 2145 1150 2195 populus,
1187 2152 1337 2184 maesta
1369 2147 1507 2197 plebs:

95 2204 241 2247 deiecti
278 2205 320 2246 in
358 2212 501 2246 terram
547 2206 719 2246 militum
759 2209 890 2247 vultus
932 2221 980 2248 ac
1032 2210 1121 2260 plus
1166 2209 1344 2250 tristitiae
1385 2224 1504 2261 quam

98 2317 139 2349 13
161 2308 322 2351 cupidum
339 2309 381 2341 Μ
389 2308 421 2341 ¹:
445 2310 591 2350 cupidus
607 2309 648 2341 M
786 2321 823 2351 14
847 2312 1018 2344 seditione
1035 2311 1076 2343 M

138 2351 191 2387 81.
217 2354 240 2385 6
261 2353 495 2394 adspicionem
514 2354 557 2384 M
691 2365 725 2384 11
753 2355 962 2396 frequentias
978 2357 1029 2398 M,
1049 2367 1129 2388 corr.
1148 2356 1209 2387 M¹

138 2407 212 2430 mc.
231 2406 326 2430 urs-r.
1393 2402 1418 2433 4
