1748 2826
0 1775 12 1800 ¹0-
0 1413 14 1762 —-„-9.„w.·,-W—w=—‹a·
3 1394 6 1396 -
7 1361 10 1362 ,
7 1236 10 1238 ⁴
12 1176 14 1178 ,

0 2590 27 2826 Ξ

455 141 861 181 HISTORIARVM
894 141 1066 180 LIBER
1097 141 1158 180 IV
1451 144 1511 181 IV
1530 151 1583 192 37

102 266 205 304 cors,
237 253 480 295 adventante
510 251 640 294 Civile
669 252 790 303 raptis
821 259 971 291 temere
1001 252 1120 291 armis
1147 265 1195 292 ac
1226 252 1360 292 statim
1393 253 1511 294 omis-

103 319 167 369 sis,
197 318 241 359 in
273 319 407 370 fugam
441 323 656 357 vertuntur.
716 329 777 357 res
810 318 1000 357 adversae
1031 317 1274 358 discordiam
1308 331 1509 370 peperere,
1531 335 1550 368 5

102 384 151 425 iis
183 383 253 436 qui
285 397 309 424 e
341 383 543 435 superiore
563 383 736 423 exercitu
770 389 882 423 erant
919 395 1082 422 causam
1120 396 1235 422 suam
1265 383 1513 424 dissocianti·

102 450 204 500 bus;
235 448 387 489 Vitellii
415 456 551 488 tamen
579 447 773 499 imagines
801 447 845 488 in
866 447 1004 488 castris
1026 455 1066 488 et
1095 461 1165 500 per
1194 450 1394 500 proximas
1424 452 1513 491 Bel-

100 528 239 568 garum
265 515 444 556 civitates
470 513 680 566 repositae,
699 527 792 553 cum
820 513 899 554 iarn
919 513 1105 554 Vitellius
1134 514 1358 556 occidisset.
1417 516 1512 557 dein

54 623 62 631 ,
101 580 242 622 mutati
272 580 314 620 in
339 579 628 633 paenitentiam
658 579 829 632 primani
859 579 1122 632 quartanique
1153 588 1194 621 et
1222 580 1514 623 duoetvicensi-

101 647 209 688 mani
243 647 441 686 Voculam
473 652 705 697 sequuntur,
741 646 849 697 apud
883 659 1006 697 quem
1039 653 1247 698 resumpto
1275 647 1513 698 Vespasiani
1536 662 1577 686 10

99 719 350 753 sacramento
375 712 428 751 ad
453 711 708 751 liberandum
737 710 985 763 Mogontiaci
1015 711 1219 752 obsidium
1248 713 1510 765 ducebantur.

45 798 54 807 ·
100 770 365 819 discesserant
398 776 640 826 obsessores,
676 775 821 816 mixtus
855 790 903 816 ex
941 775 1100 818 Chattis
1133 777 1269 829 Vsipis
1309 778 1513 831 Mattiacis

99 842 310 893 exercitus,
346 841 528 883 satietate
560 841 734 893 praedae
765 854 840 881 nec
870 841 1095 882 incruenti:
1135 843 1176 883 in
1214 842 1278 883 via
1311 843 1512 896 dispersos

99 915 140 950 et
160 907 317 949 nescios
341 909 455 949 miles
478 914 616 948 noster
634 906 842 948 invaserat.
900 907 998 959 quin
1025 915 1064 948 et
1089 909 1255 949 loricam
1282 911 1512 962 vallumque

103 986 175 1027 per
203 973 294 1014 finis
321 986 414 1014 suos
441 971 593 1013 Treviri
621 980 806 1021 struxere,
838 973 1074 1025 magnisque
1100 974 1142 1013 in
1174 974 1303 1015 vicem
1331 975 1513 1017 cladibus
1536 990 1574 1025 15

99 1052 194 1080 cum
223 1038 437 1080 Germanis
467 1038 686 1087 certabant,
720 1039 852 1079 donec
889 1038 1045 1091 egregia
1077 1053 1169 1092 erga
1201 1042 1397 1093 populum
1432 1044 1513 1083 Ro-

101 1118 267 1146 manum
286 1104 426 1146 merita
445 1117 540 1144 mox
558 1102 728 1144 rebelles
746 1104 965 1144 foedarent.
1500 1144 1502 1147 ,

264 1171 427 1212 Interea
454 1168 726 1222 Vespasianus
760 1169 904 1210 iterum
935 1183 982 1210 ac
1014 1169 1130 1211 Titus
1161 1172 1415 1213 consulatum
1445 1173 1513 1213 ab·
1530 1174 1583 1223 38

100 1243 236 1279 sentes
262 1234 448 1285 inierunt,
479 1241 633 1276 maesta
660 1242 699 1275 et
730 1234 942 1287 multiplici
976 1242 1086 1276 metu
1119 1249 1313 1288 suspensa
1337 1237 1512 1289 civitate,

99 1315 205 1356 quae
229 1314 350 1355 super
375 1300 565 1342 instantia
594 1300 699 1340 mala
726 1300 845 1341 salsos
874 1314 1041 1353 pavores
1070 1301 1264 1352 induerat,
1297 1303 1512 1346 descivisse

99 1369 279 1410 Africam
307 1380 371 1409 res
400 1379 526 1408 novas
556 1365 747 1407 moliente
785 1368 832 1407 L.
868 1366 1024 1408 Pisone.
1085 1368 1118 1408 is
1139 1375 1218 1420 pro
1244 1372 1394 1410 consule
1425 1384 1512 1423 pro-

100 1434 258 1477 vinciae
281 1446 539 1487 nequaquam
566 1432 750 1473 turbidus
770 1433 931 1485 ingenio
944 1448 957 1483 3
983 1434 1055 1474 sed
1081 1436 1176 1486 quia
1201 1449 1322 1476 naves
1349 1437 1512 1478 saevitia
1530 1452 1549 1486 5

99 1498 245 1542 hiemis
276 1498 604 1553 prohibebantur,
635 1499 775 1550 vulgus
806 1498 996 1539 alimenta
1026 1499 1068 1539 in
1102 1501 1189 1540 dies
1223 1502 1388 1542 mercari
1423 1503 1511 1543 soli·

99 1573 198 1615 tum,
218 1564 287 1607 cui
311 1578 393 1606 una
418 1577 467 1606 ex
492 1577 535 1604 re
562 1563 725 1615 publica
750 1576 937 1605 annonae
962 1579 1068 1614 cura,
1090 1567 1270 1606 clausum
1298 1567 1405 1618 litus,
1425 1568 1511 1609 reti-

98 1631 184 1672 neri
211 1637 472 1679 commeatus,
501 1630 600 1670 dum
628 1628 754 1678 timet,
782 1630 982 1678 credebat,
1011 1631 1250 1682 augentibus
1277 1633 1424 1672 famam
1444 1633 1510 1673 Vi-

98 1696 282 1747 tellianis,
310 1696 381 1749 qui
409 1695 587 1736 studium
614 1693 786 1746 partium
814 1696 998 1736 nondum
1027 1704 1254 1747 posuerant,
1279 1710 1332 1737 ne
1357 1697 1511 1739 victori-

99 1764 176 1805 bus
195 1762 361 1817 quidem
387 1760 542 1814 ingrato
566 1773 736 1810 rumore,
759 1774 930 1813 quorum
957 1761 1196 1814 cupiditates
1223 1764 1393 1804 externis
1413 1777 1510 1816 quo-
1533 1781 1573 1805 10

99 1843 180 1884 que
198 1827 316 1871 benis
335 1825 585 1880 inexplebilis
604 1828 712 1867 nulla
733 1840 927 1879 umquam
949 1827 1074 1868 civilis
1094 1827 1258 1868 victoria
1277 1828 1443 1869 satiavit.

257 1894 455 1935 Kalendis
491 1892 686 1933 Ianuariis
719 1893 763 1933 in
796 1900 951 1943 senatu,
981 1907 1103 1945 quem
1137 1893 1263 1933 Iulius
1293 1894 1507 1935 Frontinus
1527 1904 1584 1945 39

98 1967 255 2014 praetor
286 1959 464 2001 urbanus
491 1967 712 2008 vocaverat,
746 1959 884 2011 legatis
917 1959 1237 2012 exercitibusque
1269 1972 1316 2000 ac
1348 1960 1508 2012 regibus

98 2074 120 2107 5
143 2069 324 2098 vertentur
339 2065 390 2106 M,
409 2075 430 2097 u
445 2068 607 2105 superscr.
628 2064 684 2096 M¹
822 2074 862 2095 12
889 2073 933 2095 ex
949 2062 1058 2095 Cattis
1075 2063 1285 2096 Rhenanus:
1309 2067 1344 2095 et
1359 2063 1456 2096 caitis
1471 2063 1514 2095 M

102 2118 142 2149 13
169 2109 340 2141 incruenti
362 2108 522 2151 Agricola
537 2120 544 2140 ε
576 2107 785 2140 incruentari
812 2107 855 2138 M
866 2118 873 2139 z
910 2107 1114 2139 incruentati
1138 2106 1213 2139 dett.
1230 2118 1238 2139 τ
1272 2107 1448 2139 incruenta
1472 2118 1510 2139 re
1544 2112 1545 2115 ’

100 2151 223 2193 Μαί-τεν
235 2153 316 2228 Min
330 2152 386 2185 via
404 2151 565 2195 Lipsius:
591 2152 646 2184 via
662 2151 705 2183 M
759 2151 968 2183 incruentati
984 2151 1061 2191 quia
1077 2150 1239 2191 Herdeus,
1251 2150 1362 2182 Halm
1421 2152 1510 2183 adis-

99 2206 243 2282 βεξδοεα
259 2240 411 2272 inierant
425 2238 554 2279 Haase,
567 2239 678 2272 Halm
767 2249 787 2278 4
811 2247 874 2279 pro
890 2237 1032 2270 consule
1048 2237 1125 2270 add.
1141 2237 1168 2270 I.
1185 2239 1373 2271 Gronovius
1431 2248 1510 2279 pro-

99 2284 234 2316 vinciae
249 2288 411 2325 praeerat
425 2283 584 2325 Agricola
719 2293 736 2322 7
762 2292 799 2313 re
815 2281 966 2323 publica]
985 2291 1047 2321 rep
1063 2281 1106 2313 M
1236 2283 1258 2314 8
1284 2287 1509 2315 commeatum

100 2326 244 2368 M,corr.
263 2326 321 2359 Ml
519 2338 543 2368 9
566 2337 611 2358 ne
632 2326 661 2359 I.
682 2325 886 2358 Gronovius:
914 2325 989 2367 nec}
1008 2325 1050 2357 M
1240 2336 1277 2357 11
1306 2326 1430 2358 nullam
1458 2326 1506 2365 M,

100 2380 180 2404 corr.
199 2369 258 2402 M¹

142 2434 216 2459 rac.
234 2435 326 2461 msr.
1379 2426 1420 2458 15
