1748 2826
7 1229 18 1252 “—
3 1208 18 1219 ’-
0 1143 22 1193 “³-
3 1087 25 1135 νῆ
0 727 32 1078 14„-·s-::†m-aezuzaoe-s=÷
6 590 34 718 §wss—

470 143 880 184 HISTORIARVM
913 145 1086 184 LIBER
1117 146 1184 184 III
1461 147 1528 185 ΙΙΙ
1549 146 1599 195 58

124 259 377 298 *sacramento
405 256 540 308 adigit.
572 245 576 250 ’
599 256 868 308 superfluente
902 256 1159 298 multitudine
1180 264 1328 298 'curam
1361 259 1531 299 dilectus

127 321 169 361 in
186 323 372 362 consules
401 321 569 374 partitur
579 335 592 372 ;
630 335 832 362 servorum
870 336 1082 362 numerum
1114 330 1154 363 et
1183 325 1344 375 pondus
1380 324 1531 376 argenti
1554 340 1594 364 10

126 386 376 428 senatoribus
406 386 558 428 indicit.
616 386 772 439 equites
803 388 979 428 Romani
1007 389 1190 429 obtulere
1219 403 1381 440 operam
1415 403 1532 441 pecu-

125 451 302 504 niasque,
332 451 454 492 etiarn
481 451 677 493 libertinis
703 452 812 493 idern
835 466 983 494 munus
1013 456 1117 494 ultro
1146 454 1424 506 flagitantibus.
1484 468 1531 495 ea

124 517 324 558 simulatio
345 517 465 558 officii
489 531 514 558 a
541 526 653 559 metu
681 520 859 570 profecta
882 527 1049 560 verterat
1078 519 1119 559 in
1148 521 1323 560 favorem
1338 535 1350 570 3
1377 534 1424 560 ac
1450 522 1531 572 ple-

122 581 236 635 rique
262 583 372 624 haud
400 583 570 636 proinde
595 582 801 624 Vitellium
831 597 952 636 quam
979 598 1116 625 casum
1145 586 1361 637 locumque
1389 586 1530 638 princi-

121 653 238 700 patus
266 648 566 690 miserabantur.
623 662 701 690 nec
728 651 864 690 deerat
892 650 978 702 ipse
999 652 1111 691 vultu
1137 664 1237 691 voce
1260 651 1430 691 lacrimis
1460 652 1530 691 mi-
1551 669 1589 702 15

122 712 377 754 sericordiam
414 714 570 764 elicere,
605 716 736 768 largus
773 716 990 771 promissis,
1023 724 1063 757 et
1101 730 1206 768 quae
1243 724 1383 756 natura
1413 717 1530 769 trepi-

121 778 301 820 dantium
336 787 408 830 est,
438 780 693 822 immodicus.
749 781 847 834 quin
881 789 920 822 et
956 783 1169 823 Caesarem
1203 796 1246 823 se
1279 782 1360 823 dici
1389 782 1528 833 voluit,

118 852 351 898 aspernatus
383 854 512 896 antea,
541 848 614 888 sed
642 853 741 887 tunc
768 847 1049 899 superstitione
1076 847 1266 897 nominis,
1296 855 1335 888 et
1363 850 1458 900 quia
1486 848 1527 888 in

119 918 231 952 metu
267 912 435 953 consilia
470 912 728 965 prudentium
766 920 806 953 et
837 913 942 964 vulgi
981 926 1115 953 rumor
1153 912 1260 953 iuxta
1296 913 1524 954 audiuntur.

118 983 296 1018 ceterum
333 985 377 1018 ut
414 978 551 1018 omnia
587 978 804 1018 inconsulti
842 979 1014 1030 impetus
1056 986 1199 1030 coepta
1237 978 1358 1019 initiis
1396 979 1528 1020 valida
1547 998 1589 1020 20

118 1042 248 1095 spatio
294 1044 568 1095 languescunt,
617 1043 741 1084 dilabi
788 1044 980 1095 paulatim
1027 1051 1230 1083 senatores
1277 1044 1524 1096 equitesque,

118 1108 249 1161 primo
273 1116 508 1149 cunctanter
530 1115 571 1149 et
591 1108 663 1149 ubi
680 1109 767 1161 ipse
795 1123 878 1149 non
902 1110 1050 1158 aderat,
1073 1122 1167 1149 mox
1195 1109 1458 1161 contemptim
1487 1118 1527 1150 et

111 1173 204 1214 'sine
233 1173 462 1215 discrimine
499 1176 631 1215 donec
661 1172 846 1215 Vitellius
883 1176 1039 1227 pudore
1076 1174 1182 1215 inriti
1215 1182 1384 1215 conatus
1423 1189 1527 1228 quae

115 1253 199 1281 non
218 1240 418 1281 dabantur
435 1240 597 1281 remisit.

277 1307 333 1346 Vt
363 1314 551 1347 terrorem
588 1298 728 1347 Italiae
761 1319 946 1359 possessa
976 1306 1165 1347 Mevania
1194 1320 1242 1347 ac
1272 1307 1381 1347 velut
1415 1321 1524 1347 rena·
1542 1320 1599 1360 59

114 1378 201 1412 tum
227 1385 278 1413 ex
305 1371 459 1426 integro
487 1372 640 1413 bellum
669 1372 866 1421 intulerat,
894 1372 951 1413 ita
979 1374 1086 1413 haud
1116 1373 1287 1414 dubium
1318 1386 1410 1425 erga
1440 1375 1524 1413 Fla-

113 1437 248 1478 vianas
277 1440 398 1492 partis
424 1438 605 1479 studium
633 1445 716 1479 tam
748 1438 917 1491 pavidus
939 1438 1092 1479 Vitellii
1121 1438 1321 1480 discessus
1352 1439 1520 1479 addidit.

113 1511 268 1548 erectus
288 1504 445 1544 Samnis
465 1503 759 1557 Paelignusque
778 1511 819 1545 et
840 1504 964 1544 Marsi
984 1505 1254 1545 aemulatione
1274 1506 1385 1556 quod
1407 1506 1524 1546 Cam-

111 1569 232 1622 pania
256 1570 538 1623 praevenisset,
561 1577 606 1611 ut
631 1569 674 1610 in
698 1583 805 1610 novo
834 1570 1042 1622 obsequio,
1064 1571 1116 1610 ad
1144 1578 1289 1610 cuncta
1315 1570 1410 1610 belli
1440 1583 1522 1609 mu·
1542 1588 1560 1620 5

111 1635 178 1676 nia
206 1649 316 1677 acres
343 1643 466 1677 erant.
526 1637 599 1677 sed
632 1636 752 1677 foeda
781 1635 914 1676 hieme
945 1649 1015 1687 per
1046 1636 1257 1676 transitum
1284 1636 1520 1688 Appennini

109 1702 362 1744 conflictatus
392 1703 597 1752 exercitus,
637 1709 678 1742 et
710 1701 775 1742 vix
808 1701 945 1754 quieto
982 1703 1140 1754 agmine
1173 1701 1284 1741 nives
1316 1703 1521 1741 eluctanti-

108 1768 186 1809 bus
209 1768 337 1822 patuit
364 1775 559 1821 quantum
586 1767 826 1809 discriminis
849 1769 1084 1808 adeundum
1111 1769 1222 1817 foret,
1252 1767 1293 1807 ni
1313 1767 1520 1808 Vitellium

109 1841 214 1876 retro
249 1836 409 1875 fortuna
445 1834 637 1883 vertisset,
678 1847 782 1886 quae
822 1833 1019 1874 Flavianis
1057 1834 1228 1874 ducibus
1267 1847 1349 1874 non
1387 1833 1520 1874 minus

109 1913 228 1953 saepe
253 1914 376 1953 quam
401 1899 502 1941 ratio
525 1900 667 1940 adfuit.
726 1899 891 1940 obvium
917 1899 998 1940 illic
1025 1900 1213 1940 Petilium
1237 1900 1434 1941 Cerialem
1454 1901 1520 1940 ha·
1543 1917 1583 1940 ιο

107 1965 241 2017 buere,
271 1966 414 2020 agresti
441 1967 551 2007 cultu
580 1973 621 2007 et
652 1965 796 2006 notitia
824 1967 1004 2006 locorum
1034 1965 1236 2006 custodias
1264 1966 1413 2006 Vitellii
1444 1967 1520 2006 ela-

106 2046 239 2085 psum.
294 2032 521 2086 propinqua.
543 2031 730 2073 adfinitas
755 2031 901 2072 Ceriali
927 2045 1020 2071 cum
1040 2031 1301 2084 Vespasiano,
1328 2045 1404 2071 nec
1433 2032 1519 2084 ipse

107 2097 297 2150 inglorius
330 2097 506 2147 militiae,
536 2110 667 2148 eoque
695 2097 799 2138 inter
826 2098 950 2137 duces
980 2098 1217 2149 adsumptus
1251 2104 1321 2137 est.
1380 2097 1518 2137 Flavio

108 2177 272 2216 quoque
300 2163 452 2204 Sabino
478 2176 527 2204 ac
557 2162 793 2203 Domitiano
827 2162 1003 2215 patuisse
1035 2163 1224 2214 effugium
1255 2164 1370 2202 multi
1401 2163 1516 2204 tradi-

109 2279 149 2310 14
173 2269 317 2312 perinde
333 2268 408 2302 dett.
542 2279 582 2300 21
607 2273 788 2301 senetores
806 2268 855 2310 M,
875 2278 956 2301 corr.
976 2267 1033 2300 Ml
1169 2279 1211 2300 22
1235 2268 1458 2309 contemptim
1480 2272 1514 2300 et

106 2314 183 2346 sine
199 2313 364 2346 Pichena:
388 2313 576 2354 contempti
593 2313 694 2345 mesti
713 2323 757 2344 ne

150 2363 215 2400 59.
245 2367 259 2389 1
286 2357 522 2390 maevaniaM
686 2367 708 2397 4
732 2356 956 2397 aelignusque
973 2356 1021 2397 M,
1042 2366 1064 2397 p
1081 2361 1238 2398 superscr.
1259 2356 1316 2387 Μ2
1476 2366 1514 2387 ¹2

106 2401 317 2444 propinquas
333 2401 384 2443 M,
399 2411 482 2434 corr.
500 2400 543 2433 M
546 2400 560 2423 ¹
696 2411 737 2442 ¹3
762 2400 924 2432 Flaviano
940 2399 984 2432 M
