1748 2826
555 427 987 477 PRAEFATIO

120 581 272 620 TAcm
292 576 479 618 historica
491 577 636 628 scripta
656 576 814 627 triginta
827 575 936 616 libris
957 584 1057 616 teste
1079 576 1330 628 Hieronymo
1343 576 1355 598 ¹
1376 575 1472 616 olim

66 643 317 691 constabant,
356 656 405 682 ex
441 655 524 693 quo
560 654 727 681 numero
768 641 981 681 verisimile
1028 641 1255 682 octodecim
1303 640 1472 681 Annalis

66 706 502 748 duodecim'Historias
517 707 531 729 ²
552 706 750 746 habuisse.
809 707 904 745 Non
920 714 979 746 est
991 719 1061 746 cur
1073 707 1124 747 de
1140 707 1220 747 fide
1234 706 1473 756 Hieronymi

67 771 239 822 dubites,
277 779 318 813 et
347 771 496 812 iactura
529 771 573 810 in*
598 779 768 822 utroque
796 784 916 822 opere
945 772 1049 811 facta
1077 772 1191 811 facile
1218 770 1475 823 agnoscitur3

69 836 336 878 Historiarum
363 837 528 889 quidem
556 836 786 888 superstites
816 837 937 877 hodie
963 843 1150 888 quattuor
1173 843 1329 877 tantum
1352 835 1474 875 libros

67 917 161 944 cum
180 902 296 943 initio
314 903 443 955 quinti
463 902 673 942 habemus.

122 969 480 1019 Quemadmodum
508 967 698 1007 librorum
727 968 857 1007 xi—xvi
888 968 1106 1008 Annalium
1136 977 1175 1008 et
1205 967 1473 1008 Historiarum

68 1035 158 1074 fons
186 1033 328 1074 unicus
343 1035 357 1056 ³
375 1034 504 1074 codex
525 1033 734 1073 Mediceus
765 1035 847 1074 sive
877 1030 1167 1074 Laurentianus
1189 1036 1289 1074 alter
1315 1034 1395 1086 (68.
1422 1034 1475 1085 2),

69 1100 231 1140 saeculo
258 1097 475 1139 undecimo
502 1103 694 1147 exaratus,
717 1099 758 1138 in
787 1100 1032 1150 praefatione
1060 1107 1197 1139 nostra
1224 1101 1277 1139 ad
1305 1098 1475 1138 Annalis

68 1163 251 1206 diximus.
310 1165 431 1205 Nunc
458 1164 511 1204 de
538 1163 690 1204 codicis
709 1165 867 1204 fortuna
889 1173 929 1205 et
952 1163 1192 1205 condicione
1215 1177 1343 1216 pauca
1370 1177 1477 1215 repe-

69 1237 162 1280 tere,
183 1242 311 1282 pauca
337 1229 487 1270 addere
511 1228 723 1269 consilium
744 1236 814 1269 est.
872 1231 934 1269 Ex
954 1229 1204 1270 Monasterio
1232 1229 1475 1278 Cassinemi,

68 1294 138 1336 ubi
157 1295 266 1336 iussu
284 1293 456 1335 Abbatis
482 1293 682 1335 Desiderii
702 1294 718 1347 (
725 1306 797 1346 105
803 1295 981 1347 3-1087)
1003 1296 1171 1346 scriptus
1196 1303 1266 1343 est,
1292 1294 1475 1335 codicem

69 1360 311 1402 Boccaccius
327 1361 569 1400 Florentiam
585 1360 699 1408 furto,
718 1367 761 1399 ut
773 1360 939 1408 videtur,
958 1362 1170 1400 transtulit.
1215 1362 1354 1400 Exstat
1369 1362 1478 1411 apud

70 1428 351 1467 Benvenutum
375 1426 429 1466 de
455 1426 584 1465 Imola
612 1426 723 1466 locus
752 1427 794 1465 in
822 1439 904 1478 quo
924 1426 1028 1466 illius
1048 1425 1316 1466 bibliothecae
1337 1426 1475 1475 sordis,

68 1492 256 1532 codicum
289 1490 579 1543 indiligentiam
609 1491 737 1531 facete
769 1493 1012 1531 Boccaccius
1046 1492 1234 1543 αὐτόπτης
1265 1499 1406 1540 narrat,
1437 1499 1478 1531 et

68 1556 148 1598 iam
167 1556 264 1597 inde
287 1555 340 1596 ab
358 1569 468 1596 anno
492 1558 591 1607 1362
615 1569 662 1596 ex
682 1555 791 1596 libris
811 1558 1029 1596 Annalium
1055 1556 1185 1596 xi-xvi
1206 1556 1478 1608 Historiisque

70 1622 143 1675 <ita
170 1621 343 1674 primum
376 1623 418 1661 in
448 1623 578 1661 lucem
612 1629 733 1673 atque
765 1622 948 1662 notitiam
975 1630 1067 1674 post
1095 1624 1242 1663 multos
1268 1636 1395 1662 annos
1425 1636 1481 1662 re-

69 1687 201 1729 ductis
211 1687 242 1741 ⁴)
271 1687 442 1740 plurima
466 1687 552 1728 sine
578 1687 704 1728 dubio
730 1687 872 1728 hausit.
931 1688 1042 1738 Quin
1069 1689 1188 1728 etiam
1216 1701 1264 1728 ex
1298 1689 1480 1739 catalogo

69 1752 340 1795 bibliothecae
377 1752 513 1793 Sancti
541 1752 709 1804 Spiritus
747 1754 947 1805 exemplar
987 1753 1213 1793 Florentiae
1250 1753 1480 1793 faciendum

71 1832 229 1860 curasse
267 1832 360 1859 eum
394 1825 576 1859 constat:
615 1819 724 1859 haud
753 1818 870 1871 igitur
898 1821 1000 1859 ultra
1029 1820 1150 1859 fidem
1190 1820 1479 1859 conservatoris

117 1922 125 1943 ¹
150 1923 215 1955 Ad
226 1922 441 1963 Zachariam,
461 1934 489 1956 c.
513 1934 560 1962 14.

115 1966 130 1988 ²
153 1967 207 1999 De
230 1967 328 1999 titulo
354 1967 589 1999 Historiarum
615 1967 693 1999 vide
710 1966 959 1999 Tertullianum
977 1966 1061 2008 apol.
1082 1966 1243 1999 adversus
1261 1966 1354 2000 Gent.
1374 1978 1402 1999 c.
1428 1967 1480 2006 16,

73 2010 164 2046 Plin.
186 2010 249 2053 Ep.
273 2011 333 2043 vii.
358 2021 423 2052 33;
441 2011 485 2042 de
508 2021 652 2043 numero
677 2011 841 2043 librorum
853 2010 1022 2051 Wolfflin‚
1039 2010 1089 2043 die
1111 2010 1305 2043 hexadische
1322 2011 1482 2053 composi-

73 2056 140 2087 tion
165 2054 223 2087 des
251 2053 394 2095 Tacitus,
422 2055 568 2087 Hermes
592 2055 662 2095 xxi,
691 2065 748 2096 pp.
780 2064 942 2095 157-159‚
974 2055 1032 2087 ubi
1060 2055 1150 2087 haud
1178 2055 1357 2087 suffecisse
1383 2055 1481 2095 regni

75 2098 261 2130 Neroniani
294 2097 447 2140 reliquiis
478 2099 658 2130 narrandis
689 2103 823 2131 sextum
855 2099 1024 2131 decimum
1051 2099 1237 2131 Annalium
1269 2099 1391 2131 librum
1423 2100 1482 2131 de-

59 2156 61 2159 *
73 2146 293 2176 monstratur.

117 2185 132 2207 ⁸
155 2186 207 2218 cf.
226 2186 275 2219 H.
296 2186 316 2218 i.
336 2186 357 2218 8
377 2186 432 2218 ubi
454 2187 489 2218 in
511 2196 629 2218 rasura
645 2197 746 2218 manu
771 2196 833 2218 xlv
851 2187 903 2218 vel
930 2197 976 2218 xv
992 2187 1115 2219 saeculi
1141 2186 1280 2218 domino
1306 2197 1367 2227 pro
1390 2187 1484 2219 dono

75 2229 315 2272 (Puteolanus)
334 2230 437 2261 habet
456 2229 654 2270 Mediceus;
677 2230 811 2262 domino
827 2241 948 2262 omnes
966 2235 1127 2271 repetunt
1145 2231 1345 2263 deteriores.

118 2273 134 2295 ⁴
157 2273 239 2306 Post
261 2273 434 2306 annalium
462 2273 681 2306 Fuldensium
704 2274 890 2315 scriptores
915 2275 1022 2316 (circa
1043 2285 1170 2307 annum
1194 2276 1293 2315 1106)
1312 2284 1420 2314 usquc
1441 2275 1483 2306 ad

76 2317 298 2350 Boccaecium
309 2316 494 2349 Annalium
507 2318 626 2349 xi-xvi
640 2323 675 2349 et
686 2317 917 2350 Historiarum
936 2318 1036 2350 nobis
1051 2319 1207 2350 defecere
1219 2319 1366 2350 lectores
1380 2329 1387 2357 ;
1404 2319 1482 2350 vide

77 2361 117 2394 E.
139 2361 333 2402 Cornelius,
352 2360 520 2403 quomodo
543 2361 676 2394 Tacitus
698 2362 734 2392 in
759 2361 941 2393 hominum
965 2363 1124 2394 memoria
1149 2366 1300 2394 versatus
1321 2362 1364 2393 sit
1382 2373 1484 2403 usque

76 2405 126 2439 ad
138 2409 339 2438 renascentes
356 2405 480 2438 litteras
496 2406 637 2437 saeculis
651 2405 709 2437 xiv
721 2409 750 2437 et
764 2417 825 2446 xv„
840 2417 895 2447 pp.
915 2415 1034 2446 35-40.

766 2450 806 2489 iii
