1748 2826
154 150 176 189 1
193 161 241 192 12
645 155 922 195 CORNELII
953 157 1148 196 TACITI

192 261 314 302 alium
348 262 521 313 flagitare
555 270 594 303 et
628 262 781 303 senatui
814 277 860 302 ac
894 265 1043 315 populo
1073 265 1259 304 Romano
1291 263 1495 304 arbitrium
1523 262 1590 303 eli-

154 341 173 373 5
193 326 311 377 gendi
350 328 575 378 permittere
613 341 694 379 quo
728 327 871 368 seditio
905 328 1062 368 mollius
1101 328 1354 380 acciperetur.
1424 336 1590 368 matura-

193 390 249 430 vit
271 405 318 431 ea
346 405 407 432 res
433 392 642 432 consilium
670 393 822 433 Galbae
845 393 923 432 iam
950 393 1103 445 pridem
1130 395 1181 433 de
1206 393 1424 446 adoptione
1450 405 1586 434 secum

194 463 234 495 et
262 468 354 495 cum
388 456 574 508 proximis
602 457 797 508 agitantis.
866 471 948 497 non
982 471 1076 498 sane
1109 457 1281 498 crebrior
1313 465 1398 499 tota
1429 457 1588 498 civitate

194 533 325 560 sermo
360 533 429 571 per
465 521 552 561 illos
584 522 731 561 mensis
767 523 903 570 fuerat,
938 522 1108 573 primum
1143 522 1301 563 licentia
1337 536 1385 563 ac
1422 522 1588 563 libidine

195 584 288 624 talia
322 585 523 636 loquendi,
556 586 649 626 dein
678 587 781 626 fessa
814 586 892 625 iarn
926 594 1055 626 aetate
1089 587 1252 627 Galbae.
1323 586 1459 639 paucis
1491 585 1590 627 iudi·

137 664 177 687 10
195 649 301 689 cium
321 656 390 690 aut
408 650 463 690 rei
490 650 672 702 publicae
699 665 835 691 amor:
864 651 978 691 multi
1005 653 1124 691 stulta
1150 665 1229 703 spe,
1252 660 1368 704 prout
1389 651 1476 704 quis
1495 650 1590 692 ami-

194 727 265 754 cus
293 716 356 755 vel
384 715 517 764 cliens,
549 716 656 755 hunc
685 717 747 756 vel
776 716 887 756 illum
915 716 1136 757 ambitiosis
1164 716 1388 757 rumoribus
1421 716 1590 758 destina-

195 779 307 829 bant,
325 779 443 819 etiam
471 780 511 819 in
538 780 619 820 Titi
638 780 747 820 Vinii
773 781 921 830 odium,
951 779 1019 833 qui
1048 781 1090 820 in
1117 781 1202 822 dies
1222 789 1373 834 quanto
1392 781 1590 834 potentior

195 845 339 885 eodem
366 852 458 885 actu
487 844 648 885 invisior
675 853 767 885 erat.
826 847 973 898 quippe
1007 846 1151 887 hiantis
1185 848 1226 886 in
1259 860 1403 898 magna
1433 848 1590 887 fortuna

194 908 413 949 amicorum
447 909 683 962 cupiditates
720 910 806 962 ipsa
841 911 992 951 Galbae
1024 911 1189 951 facilitas
1223 911 1466 960 intendebat,
1496 924 1589 951 cum

138 988 175 1021 15
194 974 303 1024 apud
331 973 530 1014 infirmum
559 982 599 1015 et
627 977 832 1016 credulum
860 975 1012 1016 minore
1039 984 1148 1016 metu
1173 984 1212 1016 et
1241 976 1389 1017 maiore
1414 975 1590 1028 praemio

195 1045 433 1090 peccaretur.

131 1109 175 1147 13
358 1102 540 1144 Potentia
577 1103 819 1156 principatus
851 1104 975 1145 divisa
1006 1105 1048 1144 in
1081 1105 1218 1144 Titum
1249 1104 1413 1145 Vinium
1450 1118 1588 1146 consu·

194 1168 272 1207 lem
311 1167 541 1209 Cornelium
581 1170 783 1209 Laconem
814 1169 997 1220 praetorii
1036 1171 1277 1221 praefectum
1291 1184 1302 1219 3
1349 1183 1424 1210 nec
1461 1170 1589 1211 minor

194 1232 317 1283 gratia
348 1234 457 1273 Icelo
491 1233 643 1274 Galbae
679 1233 831 1282 liberto,
867 1247 987 1285 quem
1025 1234 1152 1274 anulis
1186 1236 1379 1275 donatum
1417 1236 1588 1287 equestri

195 1295 358 1337 nomine
382 1297 631 1337 Marcianum
650 1297 887 1338 vocitabant.
947 1298 987 1337 hi
1009 1298 1211 1339 discordes
1237 1306 1276 1339 et
1295 1300 1412 1339 rebus
1432 1299 1589 1339 minori-

154 1374 175 1408 5
194 1359 272 1400 bus
305 1360 380 1401 sibi
414 1361 582 1413 quisque
613 1364 832 1411 tendentes,
863 1362 967 1402 circa
995 1363 1204 1403 consilium
1233 1364 1404 1415 eligendi
1437 1378 1588 1405 succes-

193 1424 291 1465 soris
317 1425 358 1464 in
386 1427 484 1466 duas
511 1426 702 1467 factiones
729 1426 1020 1467 scindebantur.
1079 1427 1220 1467 Vinius
1239 1441 1311 1479 pro
1332 1431 1390 1468 M.
1412 1429 1585 1478 Othone,

195 1490 302 1529 Laco
329 1497 449 1542 atque
473 1492 602 1531 Icelus
627 1504 823 1532 consensu
849 1505 930 1532 non
951 1500 1031 1532 tarn
1059 1506 1182 1532 unum
1208 1493 1380 1544 aliquem
1400 1495 1588 1534 fovebant

193 1566 313 1605 quam
339 1554 472 1595 alium.
529 1569 660 1607 neque
684 1563 765 1595 erat
781 1556 934 1596 Galbae
962 1556 1094 1608 ignota
1116 1557 1286 1598 Othonis
1306 1571 1353 1597 ac
1379 1557 1460 1598 Titi
1480 1558 1588 1598 Vinii

191 1619 365 1659 amicitia
378 1634 390 1668 ς
418 1627 457 1659 et
476 1620 699 1660 rumoribus
724 1620 822 1660 nihil
849 1620 1006 1661 silentio
1032 1622 1390 1672 transmittentium,
1411 1622 1504 1674 quia
1522 1623 1588 1663 Vi-

137 1702 177 1725 ιο
193 1683 262 1724 nio
292 1683 412 1724 vidua
444 1684 534 1733 filia,
565 1686 721 1725 caelebs
754 1687 875 1735 Otho,
906 1700 1026 1738 gener
1055 1701 1102 1727 ac
1133 1701 1244 1728 socer
1276 1688 1585 1728 destinabantur.

194 1750 314 1789 credo
343 1756 382 1789 et
409 1749 465 1789 rei
493 1750 676 1801 publicae
706 1764 840 1791 curam
870 1752 1033 1801 subisse,
1059 1754 1200 1792 frustra
1225 1766 1250 1792 a
1278 1754 1438 1793 Nerone
1467 1760 1588 1793 trans-

194 1814 295 1853 latae
324 1813 355 1852 si
384 1815 492 1865 apud
521 1815 726 1856 Othonem
761 1815 1055 1868 relinqueretur.
1113 1831 1286 1869 namque
1319 1818 1429 1859 Otho
1462 1817 1587 1870 pueri-

193 1879 288 1917 tiam
328 1878 534 1927 incuriose,
571 1881 882 1921 adulescentiam
916 1884 1136 1934 petulanter
1170 1890 1311 1934 egerat,
1344 1890 1474 1934 gratus
1509 1884 1587 1924 Ne-

193 1942 279 1983 roni
311 1944 577 1984 aemulatione
612 1947 736 1985 luxus.
795 1959 924 1997 eoque
958 1949 1185 1998 Poppaeam
1217 1947 1415 1996 Sabinam,
1446 1947 1587 1999 princi-

137 2023 175 2056 15
193 2009 282 2059 pale
308 2016 494 2057 scortum,
516 2017 559 2049 ut
588 2012 695 2062 apud
719 2010 924 2051 conscium
951 2010 1160 2052 libidinum
1188 2013 1436 2064 deposuerat,
1455 2013 1585 2052 donec

194 2072 401 2112 Octaviam
421 2087 583 2114 uxorem
603 2075 840 2115 amoliretur.
899 2089 991 2116 mox
1014 2083 1240 2128 suspectum
1263 2076 1305 2117 in
1324 2078 1464 2118 eadem
1485 2078 1585 2128 Pop-

193 2186 210 2214 4
238 2175 411 2207 arbitrium
429 2176 469 2207 M
476 2176 487 2196 ¹
503 2174 513 2208 i
534 2177 673 2209 arbitrio
690 2177 732 2207 M
871 2189 911 2210 10
935 2179 1050 2210 militis
1065 2178 1149 2211 tulta
1165 2178 1206 2210 M
1338 2189 1374 2211 11
1399 2178 1586 2212 ambitiosis

193 2218 349 2259 Agricola
363 2231 370 2250 :
395 2220 587 2252 ambitionis
603 2220 646 2251 M
777 2231 815 2251 12
839 2226 872 2253 et
889 2222 959 2254 Iam
977 2222 1015 2253 In
1032 2222 1188 2264 titilvinio
1204 2223 1295 2255 dium
1310 2221 1353 2254 M
1364 2234 1372 2255 z
1397 2223 1499 2255 etiam
1515 2223 1583 2254 Titi

193 2261 272 2293 Vini
288 2263 367 2294 odio
385 2263 559 2295 An'dalius
708 2274 747 2303 13
770 2270 870 2296 auctu
889 2265 1029 2306 Lectius,
1045 2265 1165 2298 Meis-er

236 2312 288 2346 13.
314 2316 334 2337 2
358 2311 393 2338 et
409 2306 605 2338 Cornelium
624 2306 707 2347 dett,
726 2308 836 2339 Halm
969 2320 986 2349 7
1011 2315 1178 2342 consensu
1195 2309 1237 2340 M
1371 2310 1394 2341 8
1415 2309 1530 2350 ignoti
1546 2309 1587 2341 Μ

196 2358 236 2380 10
259 2350 394 2390 caeleps
410 2349 453 2381 M
539 2361 577 2390 14
599 2350 791 2391 Poppaeam
809 2351 986 2384 Acidah‘us
1002 2364 1008 2384 z
1033 2353 1099 2384 iam
1116 2364 1227 2394 poppe
1242 2353 1292 2394 M,
1302 2351 1436 2385 addidit
1449 2357 1470 2384 ξ
1483 2358 1586 2394 super

194 2403 213 2423 e
229 2391 270 2423 M
277 2393 290 2413 ²
390 2393 578 2435 principale
594 2394 635 2424 M
642 2393 652 2414 ¹
669 2405 676 2425 :
700 2394 888 2435 principale
905 2394 947 2426 M
1031 2397 1216 2438 principale
1237 2400 1383 2429 scortum
1399 2396 1586 2438 suspicatur

194 2436 312 2468 Nova'k
443 2438 482 2468 16
504 2446 639 2478 poppea
654 2436 696 2468 M
