1748 2826
3 0 166 58 fflfflssffl'f.
198 0 208 2 ”

0 833 13 953 '‘amq-r

471 115 880 159 HISTORIARVM
914 118 1085 157 LIBER
1118 118 1184 156 III
1457 116 1524 155 III
1544 116 1598 165 76

119 233 382 286 gladiatorum
412 231 537 284 magis
565 228 687 283 quam
718 232 867 271 ducum
900 229 1059 270 similes.
1118 242 1199 269 non
1225 227 1374 280 vigilias
1398 240 1525 279 agere,

119 305 204 339 n'on
231 297 360 338 intuta
387 296 592 338 moenium
622 298 802 337 firmare:
840 303 962 336 noctu
991 295 1138 347 dieque
1167 293 1261 334 fluxi
1290 301 1329 334 et
1357 305 1529 333 amoena

118 364 279 404 litorum
305 370 575 415 personantes,
603 363 644 402 in
669 361 932 402 ministerium
962 362 1075 402 luxus
1102 358 1289 412 dispersis
1321 358 1525 407 militibus,

118 429 171 469 de
190 428 298 468 bello
317 435 473 469 tantum
493 427 595 469 inter
613 427 795 468 convivia
814 427 1098 479 loquebantur.
1156 438 1306 478 paucos
1326 432 1420 465 ante
1439 424 1526 465 dies

116 493 353 535 discesserat
390 493 561 546 Apinius
599 493 697 534 Tiro
734 493 934 546 donisque
970 506 1018 533 ac
1056 491 1236 545 pecuniis
1274 491 1419 531 acerbe
1457 504 1527 542 per
1549 506 1588 529 10

116 558 335 613 municipia
371 559 656 612 conquirendis
689 561 778 612 plus
809 558 983 599 invidiae
1013 571 1136 611 quam
1167 557 1309 598 virium
1348 555 1526 608 partibus

113 625 302 667 addebat.

280 690 452 737 ⁴Interim
497 691 550 731 ad
593 692 638 730 L.
679 689 885 730 Vitellium
933 702 1067 730 servus
1103 688 1266 741 Vergilii
1315 686 1522 739 Capitonis
1541 693 1592 735 77

113 755 285 809 perfugit
324 755 616 808 pollicitusque,
662 755 694 796 si
732 754 976 808 praesidium
1014 755 1221 807 acciperet,
1262 767 1429 793 vacuam
1467 767 1523 793 ar-

113 834 203 862 cem
244 821 494 870 traditurum,
536 823 662 861 multa
712 828 832 862 nocte
884 821 1058 862 cohortis
1106 819 1309 872 expeditas
1357 819 1524 859 summis

114 888 312 928 montium
332 886 433 939 iugis
453 900 572 939 super
591 894 712 939 caput
736 887 912 928 hostiurn
944 886 1070 927 sistit:
1105 886 1201 926 inde
1227 885 1340 925 miles
1367 886 1419 925 ad
1439 898 1524 925 cae-

112 953 207 993 dem
227 952 352 1005 magis
378 965 500 1005 quam
527 953 580 993 ad
606 965 782 1006 pugnam
806 954 989 994 decurrit.
1047 959 1228 993 sternunt
1254 950 1428 991 inermos
1454 957 1523 991 aut
1543 963 1562 997 5

110 1030 221 1057 arma
258 1019 452 1070 capientis
490 1025 531 1058 et
569 1020 766 1070 quosdam
816 1032 959 1059 somno
1002 1018 1162 1066 excitos,
1204 1030 1296 1057 cum
1335 1016 1520 1066 tenebris,

110 1095 268 1135 pavore,
301 1082 436 1124 sonitu
471 1083 667 1133 tubarum,
701 1085 875 1125 clamore
913 1083 1047 1124 hostili
1085 1083 1347 1124 turbarentur.
1405 1081 1522 1134 pauci

109 1149 374 1201 gladiatorum
399 1148 626 1190 resistentes
653 1163 785 1202 neque
810 1150 924 1190 inulti
948 1149 1152 1190 cecidere:
1184 1148 1304 1189 ceteri
1332 1148 1384 1189 ad
1410 1149 1522 1187 navis

110 1213 290 1263 ruebant,
324 1213 395 1255 ubi
431 1222 576 1256 cuncta
608 1215 692 1267 pari
725 1214 938 1255 formidine
969 1214 1285 1266 implicabantur,
1319 1215 1520 1265 permixtis

110 1279 286 1333 paganis,
325 1293 426 1333 quos
465 1282 576 1322 nullo
616 1279 844 1321 discrimine
882 1279 1086 1320 Vitelliani
1124 1278 1387 1320 trucidabant.
1453 1292 1521 1319 sex
1544 1292 1583 1315 10

110 1345 352 1386 Liburnicae
371 1347 474 1387 inter
492 1346 665 1399 primum
694 1347 910 1387 tumultum
934 1359 1103 1394 evasere,
1127 1345 1167 1386 in
1188 1344 1278 1398 quis
1298 1346 1520 1397 praefectus

108 1410 246 1452 classis
269 1411 511 1464 Apollinaris
528 1426 540 1463 3
569 1411 744 1464 reliquae
773 1411 815 1451 in
845 1411 959 1452 litore
985 1418 1135 1463 captae,
1164 1418 1232 1451 aut
1258 1409 1385 1450 nimio
1408 1424 1521 1451 ruen-

107 1476 208 1521 tium
239 1489 362 1518 onere
393 1491 548 1530 pressas
582 1491 691 1518 mare
721 1478 864 1521 hausit.
926 1477 1105 1518 Iulianus
1143 1477 1196 1517 ad
1235 1478 1280 1516 L.
1313 1475 1519 1516 Vitellium

106 1542 324 1594 perductus
349 1549 390 1584 et
409 1542 638 1584 verberibus
666 1544 850 1583 foedatus
878 1542 919 1582 in
943 1556 1012 1583 ore
1035 1542 1119 1582 eius
1143 1542 1351 1593 iugulatur.
1411 1543 1520 1582 fuere

106 1607 176 1659 qui
204 1620 369 1648 uxorem
398 1609 445 1649 L.
466 1607 617 1649 Vitellii
644 1607 838 1648 Triariam
869 1608 1122 1656 incesserent,
1152 1616 1357 1659 tamquam
1386 1607 1520 1659 gladio
1542 1621 1579 1655 15

75 1687 79 1693 ·
109 1671 264 1712 militari
296 1672 428 1715 cincta
455 1672 558 1714 inter
583 1675 735 1714 luctum
767 1673 973 1726 cladisque
1003 1681 1250 1726 expugnatae
1279 1672 1519 1712 Tarracinae
1567 1724 1575 1733 ·

106 1738 276 1791 superbe
309 1751 507 1791 saeveque
541 1738 695 1791 egisset.
755 1738 840 1791 ipse
871 1740 1043 1779 lauream
1077 1746 1211 1790 gestae
1242 1750 1430 1790 prospere
1462 1739 1518 1777 rei

104 1803 158 1843 ad
195 1803 354 1843 fratrem
391 1802 509 1853 misit,
546 1810 802 1855 percontatus
841 1803 975 1844 statim
1016 1804 1169 1856 regredi
1208 1817 1250 1844 se
1287 1817 1338 1844 an
1378 1805 1519 1856 perdo-

105 1869 277 1909 mandae
289 1869 536 1921 Campaniae
555 1868 736 1909 insistere
756 1869 919 1909 iuberet.
979 1871 1090 1921 quod
1111 1871 1279 1910 salutare
1293 1882 1375 1909 non
1392 1870 1518 1910 modo

104 1933 284 1986 partibus
316 1934 565 1986 Vespasiani,
607 1935 678 1975 sed
717 1934 772 1974 rei
805 1934 991 1986 publicae
1029 1935 1113 1975 fuit.
1173 1949 1267 1975 nam
1306 1935 1339 1975 si
1377 1948 1515 1976 recens
1538 1951 1577 1973 20

103 1999 268 2040 victoria
306 1999 419 2040 miles
459 2008 498 2040 et
537 2013 656 2052 super
693 1999 851 2039 insitam
884 2000 1147 2052 pervicaciam
1184 2001 1371 2041 secundis
1405 2003 1514 2041 ferox

105 2066 280 2104 Romam
312 2064 597 2113 contendisset,
634 2066 743 2105 haud
777 2078 896 2116 parva
935 2067 1042 2107 mole
1082 2074 1276 2107 certatum
1318 2080 1393 2108 nec
1428 2067 1513 2108 sine

102 2177 120 2208 7
146 2168 274 2208 diuque
293 2165 426 2204 Wurm,
442 2168 511 2201 coll.
531 2168 566 2201 ii.
584 2178 616 2210 5,
637 2168 684 2202 Α.
701 2180 758 2204 xv,
779 2180 819 2201 12

145 2217 200 2253 77.
230 2221 244 2243 1
271 2216 392 2244 servus
407 2211 452 2244 M
534 2212 690 2252 Verginii
706 2213 924 2255 Puteolanus,
943 2214 1064 2255 Halm,
1084 2216 1154 2248 coll.
1172 2215 1215 2248 iv.
1234 2226 1255 2256 3
1398 2226 1418 2257 3
1443 2222 1508 2249 tra-

101 2255 250 2287 diturum
268 2254 310 2287 b:
334 2255 424 2287 tradi
441 2255 587 2288 futurum
605 2256 648 2288 M
795 2267 832 2289 11
860 2258 1025 2290 liburnice
1042 2259 1086 2291 M
1241 2270 1281 2291 12
1306 2261 1454 2302 reliquas
1471 2261 1514 2293 M

100 2298 176 2341 aut]
192 2303 230 2330 ut
245 2297 290 2330 M
342 2298 492 2340 sortasse
507 2300 708 2332 irruentium
726 2301 908 2343 Nipperdey
1043 2313 1083 2344 ¹5
1109 2303 1320 2336 incesserent
1336 2305 1377 2336 b:
1400 2305 1510 2337 inces-

99 2347 219 2418 {Yam
235 2342 323 2419 MM¹
411 2344 451 2375 16
473 2345 630 2387 cincltam
648 2345 691 2376 M
754 2346 944 2378 terracinae
961 2346 1012 2386 M,
1029 2358 1107 2380 corr.
1127 2347 1169 2379 M
1174 2348 1184 2369 ¹
1302 2357 1345 2380 22
1367 2359 1508 2390 parvam

140 2411 150 2428 ,
166 2396 247 2419 corr.

143 2452 218 2476 τΑσ.
237 2453 329 2477 nrs‘r.
1380 2451 1419 2481 12
